2942 4859
237 108 374 179 coam.
395 108 440 177 m
459 59 585 179 soun.
605 106 705 178 scre.
748 107 824 177 un
843 112 866 177 r.
911 110 999 201 can
1023 113 1077 179 rv.
1103 114 1139 180 v.
1231 118 1272 185 aa

101 298 179 365 quas
200 278 335 345 Airicani
357 279 513 345 somnium
537 287 692 356 constaret
711 281 833 359 reicrri,
869 289 901 349 et
919 280 1101 371 si'Scipioni
1121 305 1272 353 convene-

101 366 142 430 rit
160 364 423 443 talia‘somuiare,
453 372 485 429 et
505 364 544 429 de
570 364 700 449 geminis
721 368 833 431 somnii
856 370 952 453 portis
974 392 1054 456 quae
1074 369 1167 436 suerit
1186 392 1203 437 a
1223 394 1273 437 ve-

100 449 219 515 teribus
245 470 389 534 expressa
412 450 580 526 sententia,
615 450 778 533 superbis
803 453 947 519 omnibus
976 456 1073 539 ipsius
1099 457 1211 521 somnii
1234 456 1272 524 de

101 554 164 619 quo
184 534 343 619 loquimur
366 542 501 598 mentem
529 535 784 632 propositumque
805 536 991 634 signavimus
1009 548 1041 603 et
1060 548 1177 625 partem
1196 544 1271 608 caeli

101 618 259 684 evidenter
279 620 501 705 expressimus,
536 620 568 683 in
593 640 654 705 qua
685 619 743 683 sibr
765 620 813 685 Sci
837 641 867 685 ro
887 624 1102 707 per·quietem
1126 626 1201 691 haec
1222 628 1271 693 vel

101 704 212 771 vidisse
234 704 318 769 risus
344 714 392 768 est
415 705 463 769 rel
489 705 612 769 audisse
644 724 723 789 quae
746 642 863 770 rotulit:
897 727 978 771 nunc
1000 708 1061 772 iam
1082 709 1273 777 discutienda

100 789 189 853 nobie
210 796 284 854 suut
303 788 399 873 ipsius
421 789 532 854 somnii
556 789 664 866 verba,
699 810 762 853 non
786 790 904 868 omnia,
932 792 987 855 sed
1009 802 1045 856 ut
1064 812 1205 879 quaeque
1227 797 1270 863 vi·

100 874 257 939 dabuntur
278 873 370 958 digna
392 874 542 960 quaesitu.
595 879 643 940 Ac
663 874 761 960 prima
785 876 874 940 nobis
895 876 1083 941 tractandam
1107 899 1140 943 sc
1160 876 1300 965 ingenti

100 979 170 1045 pars
192 958 244 1023 illa
262 958 301 1023 de
320 960 472 1035 numeris,
492 960 524 1024 in
566 980 607 1025 ua
629 960 673 1025 sic
694 960 751 1025 ait:
778 962 857 1028 Nom
879 982 946 1026 cum
966 974 1048 1027 oetas
1065 973 1119 1027 toa
1140 976 1272 1050 septenos

100 1045 187 1109 octies
211 1045 282 1109 solu
314 1044 477 1128 anfractae
505 980 674 1133 reriitaeque
704 1047 896 1124 converterit,
934 1048 1051 1135 duoque
1080 1048 1117 1113 ln'
1140 1052 1322 1128 numerius]

101 1150 227 1217 prcoraon
245 1140 368 1216 curque
386 1130 502 1215 plenae,
524 1132 598 1195 ader
618 1132 712 1196 obera
732 1132 769 1197 de
789 1154 889 1209 causo,
910 1133 1043 1211 babetur,
1068 1135 1198 1199 circuilu
1215 1157 1271 1199 oc-

99 1214 195 1278 tnroli
210 1236 356 1279 sommam
376 1216 433 1280 tibi
447 1216 568 1299 fatalem
588 1219 781 1301 confecerant,
807 1218 842 1282 in
862 1230 889 1282 te
909 1240 1004 1284 unum
1025 1220 1166 1305 atquem
1187 1230 1272 1285 ntum

99 1319 207 1364 nemen
226 1322 258 1365 ac
276 1311 337 1365 tota
355 1312 499 1366 maceriei
515 1303 637 1366 nvom:
663 1314 690 1366 te
708 1301 852 1379 Sanctae,
870 1314 897 1367 tc
915 1324 1016 1368 omnes
1035 1304 1120 1381 boni,
1142 1316 1169 1369 tc
1187 1307 1270 1383 accii,

99 1395 128 1448 te
150 1385 253 1449 loturi
270 1385 482 1450 intuebamur:
513 1397 547 1451 tu
565 1388 625 1451 etis
641 1408 736 1463 unus,
763 1388 798 1450 in
816 1407 874 1471 qno
893 1389 1010 1452 natatur
1027 1390 1154 1453 deitatis
1173 1390 1272 1453 soloe:

101 1490 150 1545 oc,
181 1490 220 1533 ne
239 1470 348 1546 moin,
376 1469 504 1549 decimor
524 1489 590 1533 ren
606 1472 760 1556 publicam
782 1472 942 1535 comninos
966 1493 984 1535 o
1006 1482 1092 1548 ortct,
1123 1473 1153 1535 ai
1169 1472 1272 1556 inpios

99 1555 342 1651 propinquiorem
372 1574 482 1617 monce
516 1554 662 1638 effupcris.
718 1554 948 1617 Plenitudinem
979 1494 1033 1617 iic
1067 1574 1129 1618 non
1160 1554 1301 1623 frustrat

99 1658 240 1702 numeris
262 1637 417 1721 adsignat,
455 1636 615 1722 plenitudo
636 1637 719 1701 enim
743 1636 866 1721 proprie
890 1638 947 1700 nisi
969 1636 1080 1701 divinis
1102 1638 1195 1701 rebus
1223 1658 1273 1703 su-

99 1722 270 1807 pernisque
293 1742 356 1785 non
383 1720 535 1785 convenit
577 1722 688 1806 Neque
708 1722 791 1785 enim
812 1740 922 1804 corpus
940 1721 1063 1806 proprie
1083 1721 1208 1806 plenum
1228 1722 1272 1787 di·

98 1804 199 1879 xeris,
269 1804 310 1870 od
395 1826 425 1869 m
448 1804 496 1870 sui
517 1805 556 1870 sit
577 1805 729 1892 inpatiens
750 1803 918 1883 cllluendo,
946 1806 1037 1870 alieni
1060 1816 1108 1871 est
1124 1814 1272 1891 appetens

100 1889 211 1955 baurie
254 1911 282 1954 o.
326 1826 416 1968 &iiie
436 1891 464 1955 si
488 1891 647 1955 metallicis
670 1890 851 1975 corporibus
874 1910 937 1955 non
958 1910 1019 1957 usu
1037 1892 1179 1969 veniunt,
1209 1914 1271 1957 non

100 1984 206 2041 tamen
233 1975 322 2060 plena
351 1975 404 2039 illa
433 1976 487 2039 scd
506 1983 591 2041 vasta
618 1975 848 2040 dicendarum.
907 1976 992 2041 Haec
1011 1984 1058 2041 est
1077 1976 1172 2061 igitur
1191 1978 1302 2043 com-4

102 2058 206 2125 munis
227 2080 428 2125 numeromm
454 2060 594 2125 omnium
624 2060 799 2145 plenitudo,
834 2058 917 2145 quod
944 2061 1121 2147 cogitationi
1144 2063 1273 2129 anobis

102 2144 141 2210 ad
160 2165 288 2231 superos
309 2144 424 2209 meanti
444 2145 579 2210 occurrit
599 2147 698 2231 prima
718 2145 865 2231 perfectio
883 2146 1139 2232 incorporalitatis
1161 2146 1194 2213 in
1216 2170 1272 2214 nu·

101 2229 211 2295 meris:
250 2230 330 2308 inter
350 2229 435 2314 ipsos
462 2237 568 2295 tamen
590 2231 713 2317 proprie
741 2230 823 2316 pleni
850 2239 999 2296 vocantur
1024 2232 1193 2296 secundum
1215 2231 1273 2299 hoa

102 2314 226 2390 modos,
252 2315 306 2400 qui
327 2314 481 2399 praesenti
501 2316 644 2380 tractatui
666 2314 831 2379 necessarii
850 2322 937 2389 sunt,
962 2315 1016 2399 qui
1035 2324 1090 2379 aut
1111 2315 1173 2379 vim
1193 2315 1273 2398 opti·

103 2407 181 2464 nent
198 2399 392 2465 uinculorum
418 2407 474 2463 aut
499 2419 627 2483 corpora
653 2420 760 2464 rursus
784 2396 961 2462 efficiuntur
987 2406 1040 2461 aut
1067 2418 1180 2481 corpus
1208 2398 1272 2462 elli-

103 2484 205 2559 ciunt,
240 2483 293 2549 sed
316 2504 429 2568 corpus
456 2483 538 2567 quod
560 2482 782 2567 intellegendo,
818 2500 880 2543 non
902 2480 1078 2556 sentiendo,
1112 2481 1274 2566 concipias.

102 2570 219 2634 Totum
240 2568 313 2646 boc,
338 2576 375 2633 ut
396 2567 590 2632 obscuritatis
611 2568 794 2652 deprecetur
814 2565 977 2643 offensam,
1003 2566 1094 2651 paulo
1114 2564 1206 2631 altius
1225 2585 1274 2631 re·

103 2653 202 2739 petita
228 2674 333 2719 rerum
364 2653 434 2718 luce
465 2652 661 2737 pandendum
691 2659 748 2715 est
808 2648 923 2714 Omnia
953 2670 1081 2736 corpora
1112 2650 1303 2736 superficie5

102 2738 271 2819 tiniunurr,
297 2745 330 2803 ct
350 2737 382 2802 iu
405 2737 502 2824 ipsam
521 2758 629 2804 eorum
648 2756 719 2825 pars
739 2734 848 2802 ultima
869 2734 1061 2819 terminatur.
1109 2736 1150 2801 lli
1171 2743 1274 2801 autern

224 2936 235 2951 ·
898 2911 981 2976 [Edd.
1002 2910 1207 2981 vicabgopdnb.

103 3008 132 3053 ct
148 2999 175 3051 ri
191 2998 310 3069 Scipioni
324 2998 462 3051 BlileP
481 2998 537 3067 (bg
556 2997 585 3051 in
603 2996 676 3065 mg.)
692 2996 781 3061 „iibri
800 3012 884 3049 mann
903 2996 1019 3049 exarati.
1055 2997 1135 3063 Quod
1154 2996 1219 3064 quin
1239 2995 1279 3050 cit

103 3065 305 3131 tantummono
324 3067 452 3119 dubito.“
471 3066 557 3118 (iren.
592 3064 751 3132 etScipioni
769 3066 793 3117 si
811 3063 842 3117 F.
877 3073 902 3117 et
916 3066 1034 3133 Scipioni
1051 3066 1118 3129 (om.
1132 3066 1168 3129 ci)
1189 3066 1277 3131 ν(Βῖ

104 3152 169 3202 cup.
187 3136 281 3200 unde).
317 3142 342 3186 ct
360 3152 414 3186 cur
430 3134 548 3202 Scipioni
565 3132 606 3185 i-r
624 3132 658 3199 (lr
676 3134 768 3200 quur).
790 3160 818 3171 -
837 3134 984 3185 conveniret
997 3133 1040 3183 Ra
1057 3131 1094 3199 (F
1108 3148 1124 3185 a
1137 3150 1194 3185 acc.
1214 3134 1276 3199 rm).

104 3204 295 3272 cognoverit
311 3200 335 3253 F
353 3218 369 3254 a
385 3219 412 3269 p.
427 3220 462 3257 m.
481 3229 512 3239 —
530 3202 615 3269 portic
631 3200 727 3251 somnii
745 3200 795 3252 Ra.
812 3228 847 3241 -
865 3218 883 3251 a
900 3202 1029 3253 deteritur
1041 3202 1127 3265 suerit
1141 3200 1175 3259 F,
1190 3226 1224 3241 -·
1237 3202 1278 3255 lo-

104 3286 229 3339 quantur
245 3268 278 3319 F.
297 3298 331 3308 -
349 3268 506 3322 audirer.
525 3295 558 3307 -
576 3277 636 3322 aunt
653 3269 728 3321 trebir
745 3265 777 3319 F.
794 3296 829 3307 -
852 3268 897 3319 aed
915 3284 982 3335 pune
1000 3284 1032 3321 uc
1049 3274 1118 3329 (om.
1136 3274 1179 3329 ut)
1199 3285 1225 3321 v.
1243 3293 1278 3308 -

104 3340 232 3407 quaesitu
254 3336 340 3404 digno
364 3336 416 3388 ΕΙ.
567 3339 592 3386 2.
628 3336 797 3389 tractandum
821 3332 950 3387 ursum
1000 3335 1180 3389 rrml’tfflnn.
1219 3342 1278 3387 tro-

105 3404 214 3457 ctnndo
231 3405 336 3457 Edem.
359 3431 393 3443 -
420 3402 502 3471 Nom]
523 3402 616 3455 Somn.
635 3402 678 3468 ll,
698 3407 722 3455 ἣ.
749 3430 776 3441 -
803 3412 882 3471 alque
898 3412 972 3456 tuum
988 3409 1056 3464 (orn.
1075 3405 1116 3463 in)
1136 3408 1178 3456 vl.
1203 3430 1230 3441 -
1254 3409 1281 3454 tc

104 3474 189 3527 latini
207 3482 232 3525 te
246 3472 311 3525 accii
326 3470 400 3525 Bra·
421 3498 450 3510 ·-
473 3479 546 3525 tcto
562 3472 678 3524 ciuitatis
695 3470 769 3523 anina
787 3470 885 3537 icabg;
909 3478 966 3523 tota
982 3470 1037 3521 dal.
1055 3470 1108 3519 112
1127 3467 1278 3534 -impio-

102 3557 178 3593 ram
202 3540 255 3592 Hi.
406 3542 431 3589 3.
521 3547 592 3592 etone
609 3547 649 3593 cat
669 3538 773 3605 Rev-g.
796 3565 823 3575 -
848 3539 974 3590 eveniunt
990 3552 1031 3587 rc.
1053 3563 1087 3575 -
1106 3543 1184 3587 cortu
1203 3540 1280 3599 (cup.

103 3607 212 3672 witra)
231 3607 279 3659 1²4.
296 3634 330 3644 -
347 3612 409 3659 aunt
425 3622 479 3658 cnr.
525 3622 572 3660 rra·
650 3653 660 3676 ,
726 3610 751 3656 4.
787 3604 1007 3657 tracturum-
1027 3608 1074 3653 ont
1092 3618 1201 3668 corpora
1218 3602 1281 3665 essi-

105 3678 203 3728 ciunt
223 3682 271 3728 out
294 3690 388 3743 corpus
408 3690 501 3725 manc
525 3673 642 3740 efficitur
664 3671 735 3723 Bra.
760 3699 794 3711 —
825 3671 976 3736 deprecetur
998 3668 1125 3733 offenrcrn
1147 3666 1282 3717 Buurau

103 3740 308 3796 lunc-limi.
342 3741 595 3807 „librioffcncorna
625 3740 697 3791 unde
716 3740 746 3792 in
765 3734 936 3791 Beroaldina
959 3734 1157 3801 distinguitur,
1186 3732 1282 3785 nescio

128 3827 165 3861 uo
184 3825 282 3872 aaran,
302 3811 502 3875 deprecatura-o
525 3825 614 3861 cnam
629 3808 742 3875 panlc.²‘
759 3806 850 3857 tiron..
880 3804 1032 3869 deprecetur
1053 3802 1159 3868 offensa
1176 3799 1281 3852 Sc-bP.

104 3828 281 3947 depretiatur
297 3876 404 3943 afferren
419 3879 491 3943 rii-g
522 3880 563 3927 12
715 3876 742 3927 b.
774 3873 870 3926 ultimo
882 3886 948 3938 para
963 3868 994 3921 F.
1011 3896 1039 3907 -
1054 3870 1093 3921 lcii
1107 3870 1188 3921 eninr
1206 3874 1299 3935 (rap,

143 4035 178 4100 V,
201 4038 226 4088 1.
258 4035 285 4087 ai
301 4031 594 4101 Scipioniconce'ncrit]
618 4030 673 4093 „Si
722 3986 729 3999 Ι
756 4030 781 4078 3.
819 4028 962 4097 effluendo]
993 4027 1055 4079 Hoc
1084 4026 1201 4079 verbum
1228 4042 1282 4079 non

106 4120 225 4171 procu.
259 4102 322 4153 linc
339 4101 389 4153 lib.
407 4116 431 4151 c.
444 4104 477 4149 10
495 4098 521 4165 [5
535 4097 571 4163 5.]
589 4099 672 4159 dicas,
723 4098 868 4147 commode
891 4095 1041 4163 reapondet
1062 4096 1189 4161 sequenti
1212 4094 1283 4146 bou-

107 4172 140 4224 ai
229 4176 388 4251 aperiunt,
415 4178 439 4219 e.
466 4170 497 4217 lu
517 4166 542 4231 [d
569 4164 675 4283 ¹·3‘l4'f
722 4163 1015 4283 'iffisspfnpm
1033 4164 1151 4232 efflando
1172 4162 1219 4215 vel
1240 4164 1284 4229 cf-

107 4235 450 4369 gceiiiriiiciwliffiaillnii
467 4241 675 4368 aaziae&
718 4233 783 4350 sd.
820 4266 970 4367 deprecetur
991 4296 1129 4365 offensum]
1162 4298 1285 4349 Gronov.

106 4381 237 4426 cerrum
254 4372 385 4424 coelum.“
408 4368 500 4452 (iicon.
533 4368 596 4419 Vid.
618 4372 675 4419 not.
724 4366 1005 4485 obferratdc‘preccri
1022 4366 1143 4431 punitum
1161 4380 1223 4415 cara
1236 4376 1286 4429 pro

108 4442 194 4577 zdwc.
215 4444 260 4507 lt,
282 4439 297 4507 p
314 4444 339 4491 1.
359 4441 390 4492 ei
404 4437 442 4491 ad
459 4438 510 4491 lrb.
528 4437 569 4501 ll,
591 4453 615 4487 c.
633 4440 675 4503 lo,
725 4438 881 4557 ‘pigmaeae‘
916 4427 1288 4501 amm.ll,15[§26.],ubi

1113 4588 1135 4651 3
