2942 4859
142 156 284 203 nuxxrssr
593 132 927 202 PROLEGOMENA.

431 484 435 488 ¹
492 368 698 457 orror
747 368 1016 457 suxruss.

339 550 397 616 BE
432 548 703 616 ubmoltluus
739 548 917 615 OPEBUM
951 545 1171 615 uscuouu.
1272 588 1276 597 ·

213 668 270 739 Qui
288 670 323 723 de
337 668 474 723 biucrobii
491 670 623 738 operibus
638 671 710 724 bene
726 669 890 735 meruerint,
907 668 1016 737 etquid
1032 667 1152 736 quisque
1168 666 1204 718 ud
1223 678 1256 716 eu
1272 680 1368 717 ernen-

144 756 237 809 dundu
258 756 426 821 contulerit,
454 754 708 808 demonstreriusus
727 771 814 822 supro
838 770 898 821 cop.
921 752 966 806 iii.
989 772 1016 821 p.
1036 770 1075 805 ur.
1094 746 1154 819 sqq.
1189 750 1304 811 Restut,
1335 755 1368 802 ut

145 857 339 894 enumeremus
361 841 517 906 editiones,
542 848 572 893 et
597 840 766 894 udiiciunus
797 838 931 907 quidquid
956 843 1066 907 praeter
1085 836 1260 905 singulorum
1278 835 1366 887 iibro-

144 943 206 979 rum
223 926 436 995 inscriptiones,
468 942 538 994 ques
554 925 615 979 suis
633 925 704 979 iocis
722 924 884 993 posuimus,
914 924 950 977 de
967 924 1104 992 cuiusque
1118 924 1209 991 iorme
1227 924 1256 972 et
1271 919 1366 988 speeie

145 1010 296 1087 dicendum
315 1018 358 1065 est
372 1013 408 1078 ¹).
881 1000 885 1007 Ι

144 1094 313 1148 vuum
332 1096 354 1150 1.
371 1105 399 1163 (r
419 1096 464 1148 vei
482 1096 537 1160 ri).
571 1094 689 1148 Editio
708 1095 872 1164 princeps
886 1096 913 1160 ¹)
930 1091 1015 1160 (ioiiu
1032 1090 1163 1143 (iIin'l.¹¹
1180 1088 1287 1141 iormee
1305 1104 1366 1141 mu·

178 1181 280 1245 xime,
302 1183 435 1248 equibus
452 1180 504 1233 111.
524 1186 589 1233 sunt
607 1195 704 1243 sucus,
721 1196 853 1233 versuum
867 1176 952 1241 Ἧι).
970 1176 1184 1229 Subscribitnre'
1200 1175 1230 1227 Μ
1236 1174 1367 1227 uerobii

178 1266 306 1318 Aurelii
327 1266 504 1320 Theodosii
526 1266 579 1317 oiri
594 1265 741 1317 consuturis
758 1274 782 1317 et
800 1266 913 1317 iiiustris
933 1261 1150 1316 saturnaliorum
1167 1260 1229 1311 iibri
1246 1258 1367 1327 impressi

184 1350 304 1404 Veneti
311 1352 340 1404 is
357 1368 437 1421 opero
454 1358 479 1404 et
496 1351 616 1418 inpenso
635 1348 774 1402 Nicoioi
794 1351 912 1403 iesssoss
930 1346 1037 1401 Goiiici.
1065 1345 1102 1398 M.
1119 1344 1221 1397 CCCC.
1237 1342 1365 1405 Hm,

180 1435 230 1487 sed
258 1436 384 1489 continet
406 1435 492 1490 etium
517 1432 696 1487 Ciceronis
714 1433 891 1487 Somnium
909 1430 1088 1499 Scipionis
1111 1444 1173 1481 curu
1192 1426 1365 1479 Commen-

180 1519 287 1573 turiis
307 1520 493 1587 biecrobii,
511 1517 625 1572 ouissis
643 1516 834 1570 tusitunsruodo
853 1516 946 1570 verbis
966 1518 989 1582 1,
1005 1519 1049 1581 ui,
1069 1520 1122 1567 ltin
1144 1515 1204 1585 iege
1221 1514 1366 1565 discurrere

179 1612 209 1657 et
226 1623 298 1674 quus
313 1612 468 1675 sequuntur
486 1622 574 1673 nsque
592 1604 627 1657 ud
649 1604 662 1671 ᾖ
681 1606 736 1655 lu:
755 1612 780 1657 ct
799 1604 849 1656 sibi
866 1603 975 1655 invicem
992 1600 1146 1653 nuntiarent
1163 1606 1196 1651 et.
1230 1597 1366 1667 Saturne·

180 1688 283 1744 iioruur
301 1693 368 1746 iibri
388 1692 491 1761 pustino
511 1692 538 1743 in
556 1687 648 1757 cupite
667 1688 846 1753 dividuntur,
875 1687 924 1740 sed
943 1703 997 1739 nou
1015 1686 1111 1738 codem
1131 1684 1212 1737 modo
1229 1688 1312 1748 etque
1336 1680 1365 1734 in

179 1775 352 1829 editionibus
375 1775 591 1829 recentioribnss
616 1790 668 1825 nee
692 1771 748 1824 nisi
770 1772 892 1841 specieque
910 1770 1011 1839 primis
1035 1768 1119 1839 primi
1137 1768 1205 1821 iibri
1224 1768 1365 1834 cupitibus

179 1855 320 1912 udduntur
337 1860 455 1912 numeri.
490 1858 630 1924 Reliquis,
647 1861 679 1908 ut
695 1858 833 1909 librorum
852 1854 975 1907 numeris
995 1860 1023 1906 et
1041 1852 1277 1921 descriptionibus
1294 1867 1367 1919 quus

180 1950 262 1995 erunt
279 1943 497 1997 Commeuturiis
514 1942 668 2007 uddendue‚
687 1942 789 1995 reiiotu
805 1944 871 1993 sunt
888 1940 989 2007 sputiu.
1024 1939 1102 2011 idern
1120 1941 1225 1991 fuctum
1246 1946 1299 2001 est,
1317 1938 1366 1991 uisi

181 2026 288 2082 ouissu
307 2035 372 2082 suut
388 2030 474 2082 verbu
489 2027 614 2091 (iruecu,
636 2042 708 2094 quue
725 2026 833 2078 muiore
848 2025 960 2093 quidem
979 2042 1012 2076 ex
1029 2030 1109 2091 purte
1125 2024 1241 2089 udsuni,
1261 2024 1366 2074 florue-

181 2111 241 2164 ricu
256 2114 434 2183 praesertim,
450 2111 613 2166 recentibus
631 2111 724 2163 minus
743 2118 875 2163 uccurute
891 2110 999 2176 positis.
1035 2108 1250 2177 orthographia
1267 2110 1364 2161 eudem

126 2238 136 2253 .
181 2202 225 2248 est
242 2213 312 2264 quue
332 2199 361 2251 in
378 2198 523 2252 codicibus
540 2194 757 2258 recentioribus,
784 2194 839 2248 nisi
857 2195 930 2262 quod
951 2211 1001 2264 pro
1022 2211 1048 2246 ss
1065 2200 1094 2246 et
1112 2202 1135 2248 tt
1152 2194 1260 2263 iegitur
1276 2194 1366 2247 inter·

181 2280 247 2335 dusu
266 2300 294 2336 eo
311 2289 340 2337 et
357 2291 395 2346 ot,
418 2287 449 2336 ut
470 2289 559 2335 norect
577 2286 605 2333 et
628 2280 776 2333 oduictrre.
814 2278 985 2349 compendio
1006 2278 1162 2347 scripturus
1185 2278 1366 2331 inveniuntur

76 2370 82 2378 ’
181 2365 242 2421 iere
264 2369 363 2422 eudone
381 2373 465 2435 utque
483 2368 512 2420 in
532 2365 678 2420 codicibus
695 2366 786 2418 secuti
807 2366 868 2417 iili.
894 2364 985 2430 (Corsi.
1006 2380 1090 2432 snpru
1114 2380 1178 2432 peg.
1197 2366 1256 2431 un).
1290 2364 1365 2420 Usus

180 2467 242 2504 suns
261 2454 417 2523 exemplari
436 2453 628 2507 bibliothecae
641 2450 845 2505 Universitstis
862 2450 1062 2518 brisegensis,
1091 2450 1180 2515 quod,
1205 2455 1236 2502 nt
1255 2456 1364 2504 ceteras

180 2538 335 2604 editiones,
353 2538 461 2593 coutnii
480 2554 543 2592 enus
560 2538 709 2591 Zenuiueu.
1172 2570 1175 2577 -

146 2622 350 2679 Brixiensis
369 2624 392 2676 i.
411 2624 493 2691 (iniis
509 2620 619 2677 cheb*
636 2638 767 2674 versuum
784 2618 944 2686 imm).
978 2616 1185 2673 subscribitur:
1207 2620 1365 2675 Macrobii

180 2710 315 2762 Aurelii
336 2708 512 2762 Theodosii
528 2709 582 2761 oiri
599 2706 746 2761 menbris
764 2714 789 2759 st
807 2706 920 2759 illustris
942 2704 1150 2757 sotumoiiorurrs
1166 2706 1228 2759 iibri
1244 2710 1366 2777 impressi

181 2794 307 2848 Brinno
334 2791 400 2859 (sie)
426 2809 475 2862 per
503 2793 664 2845 Booisuos
690 2793 729 2845 de
758 2792 898 2844 Bousiris
925 2790 962 2841 dc
987 2790 1155 2858 Rugusiu.
1195 2793 1234 2844 M.
1258 2795 1363 2847 cccc.

181 2877 356 2931 numm.
378 2878 422 2930 die
447 2877 492 2930 Vh
514 2878 594 2931 iunii.
629 2874 878 2947 contiuetneedens
905 2888 978 2939 quoe
999 2872 1104 2926 venete
1122 2874 1150 2925 i.
1173 2892 1236 2929 curn
1258 2877 1363 2931 iisdem

179 2960 290 3015 iecuuis
323 2962 425 3016 iisdeus
458 2960 690 3029 inscriptionibus
723 2960 881 3027 iisdemque
913 2959 972 3009 iere
1005 2956 1150 3010 iiteruruur
1180 2960 1364 3029 compendiis.

178 3042 293 3100 bitem
311 3046 437 3101 initiuies
459 3046 667 3111 deriderentur,
697 3045 747 3098 sed
768 3042 883 3097 udditue
901 3048 965 3095 sunt
987 3042 1189 3112 descriptiones
1207 3048 1232 3112 ⁸)
1253 3048 1364 3102 muthe-

178 3128 301 3181 nsticue
318 3134 348 3181 et
368 3130 594 3199 geogruphieue,
621 3137 652 3181 et
671 3129 698 3180 iss
722 3128 850 3196 margine
865 3126 978 3195 ¹pussius
1000 3126 1140 3182 iudicetur
1158 3139 1363 3199 argumentum.

179 3210 254 3265 Usus
271 3228 333 3265 sous
350 3213 507 3280 exempiuri
521 3214 591 3267 bibi.
608 3214 690 3266 Unio.
704 3212 882 3282 wirceburg.

145 3294 405 3379 liriniensisli.
429 3297 689 3361 (retiscbxxvlr
712 3296 1021 3364 suscitabuntur).
1057 3296 1264 3353 Subscribitur=
1296 3302 1364 3356 Mu-

179 3382 286 3435 erobii
306 3380 442 3435 Aurelii
465 3382 642 3437 Theodosii
664 3384 718 3435 oiri
739 3382 885 3435 consuioris
902 3390 927 3435 et
946 3382 1059 3435 iliustris
1075 3386 1283 3439 sotumuiiorusn
1301 3389 1365 3441 iibri

179 3466 300 3535 isspressi
319 3466 460 3519 Brisioe
474 3483 522 3536 per
539 3468 705 3520 Bossissuos
722 3467 760 3519 ds
777 3466 922 3518 Boniuis
939 3466 978 3519 de
996 3466 1160 3541 linguosis.
1197 3470 1235 3523 Μ.
1258 3472 1363 3529 cccc.

181 3552 351 3604 brumes
367 3551 428 3603 XV.
447 3551 523 3603 Maii.
558 3552 636 3605 Erec
654 3549 895 3613 exunteceientis
911 3551 1065 3618 exenspiuri
1084 3550 1159 3604 iustu
1177 3549 1235 3619 est}
1262 3556 1363 3626 inquo

116 3632 126 3660 s
178 3634 381 3689 interciderunt
404 3636 476 3689 ioiiu
492 3636 600 3689 xcvtt.
619 3633 802 3699 circuilu,
827 3634 856 3687 in
875 3634 976 3702 quibus
995 3650 1066 3702 quse
1085 3636 1231 3705 iegnutnr=
1258 3640 1320 3695 Set.
1339 3645 1363 3711 i,

176 3723 227 3786 24,
242 3724 285 3773 ll.
308 3728 341 3775 ut
356 3737 442 3789 posse
457 3722 524 3777 uitio
539 3724 634 3777 mestis
650 3738 738 3791 usque
763 3720 798 3775 ed
816 3717 902 3786 11,u‚
918 3722 945 3773 t.
966 3726 992 3776 et
1006 3721 1147 3775 nouissime
1163 3723 1267 3778 domuss
1283 3746 1363 3797 pune,

214 3942 241 4004 ¹)
265 3939 381 3994 Nuiissu
405 3940 501 4011 recepi
522 3943 676 3997 editionem
699 3942 766 4011 quin
788 3947 838 3997 unt
859 3941 980 3995 hubeeus
1008 3941 1069 4009 ipse
1094 3904 1288 4001 uutniderius
1314 3956 1365 4003 unt

144 4008 323 4073 cognoverim
347 4024 411 4062 esse
435 4010 464 4062 in
491 4018 570 4065 certo
592 4011 690 4079 uliqnu
714 4010 897 4065 bibliothece.
935 4009 968 4061 ts
992 4011 1094 4079 quibus
1122 4012 1196 4064 nihii
1222 4016 1364 4071 eiusnso'di
1465 4036 1466 4049 ¹

143 4072 290 4155 educturi,
315 4091 366 4128 ese
384 4078 414 4129 iu
435 4094 498 4130 nseo
519 4085 585 4133 sunt
600 4083 748 4147 sppurutu.
782 4078 901 4147 Signum
920 4075 935 4108 *
951 4077 1084 4132 ioiisrusn
1102 4095 1219 4134 numero
1236 4084 1363 4138 uddituus

142 4138 289 4208 sigusiicut
304 4158 448 4223 noneruns
465 4144 494 4197 iu
512 4147 645 4200 editionis
661 4146 785 4215 singuiis
800 4147 880 4199 ioiiis
897 4161 950 4198 une
970 4162 1034 4198 esso
1048 4151 1183 4201 nstutuur.

143 4272 175 4324 Μ
212 4207 542 4333 ὀἃᾘιεῖοιςέι
581 4214 734 4267 editionem
773 4213 930 4282 principuus
970 4212 1111 4281 prodiisse
1144 4220 1220 4269 'uuts
1258 4232 1363 4271 uununs

75 4412 81 4421 ι
213 4344 239 4406 ⁸)
255 4341 357 4423 Iubae
374 4297 508 4412 editiss'e',
524 4296 803 4413 hiiirisiohiubn·
821 4346 867 4411 (ex
887 4344 924 4398 iis
941 4360 1060 4411 qnurunu
1078 4347 1236 4415 scripturus
1253 4349 1364 4403 disere·

163 4406 268 4461 eutium
285 4411 393 4461 snsesui
410 4414 560 4477 superstrui
578 4414 677 4467 critico
700 4414 806 4479 eb·g)‚
824 4410 1094 4467 Commentariun·
1113 4415 1186 4469 iibre
1203 4416 1240 4468 11.
1259 4432 1318 4485 cup.
1336 4420 1363 4470 ἱ.

142 4424 162 4539 ἶ
177 4480 219 4528 lo.
233 4475 371 4530 inseritur
387 4477 542 4545 descriptio
558 4496 738 4555 nurnerorssu
754 4477 883 4533 Plutonis
901 4494 985 4545 quesn
1004 4480 1117 4548 signori
1138 4486 1194 4549 lu,
1211 4492 1363 4553 propiores

144 4544 217 4609 qnod
232 4544 261 4599 in
277 4544 356 4597 nuiio
374 4542 472 4599 codiee
484 4560 569 4601 nunu
586 4546 693 4615 scripto
710 4562 774 4601 euru
791 4562 837 4599 rue
853 4546 950 4600 ridere
968 4546 1094 4601 useuiui.
1140 4578 1143 4587 ·
