2942 4859
613 147 804 195 rsssrsrso
916 120 920 130 '
1272 128 1320 193 xl

98 312 162 378 quo
188 292 325 361 lirrsditus
347 297 586 363 emendarentur
609 297 760 365 Macrobii
783 318 878 384 opera
902 318 943 362 ne
975 297 1171 363 mediocriter
1195 298 1319 383 quidem

100 394 201 461 adhuc
223 418 323 463 ranno
343 398 447 465 critica
468 400 621 465 rentilats.

185 598 254 664 ileo
279 608 427 687 apparatu
452 624 515 667 non
539 608 660 691 tantum
687 599 813 687 quidem
838 609 988 686 qusnurm
1012 600 1119 667 rallem
1150 601 1321 682 coniicitur,

98 720 171 764 nam
196 701 278 770 nulla
303 724 322 767 e
345 710 394 767 tot
416 711 448 768 et
471 702 564 769 tardis
585 703 703 768 lacunis
723 702 839 788 mulus
859 703 949 787 quasi
968 700 1055 767 hiant
1076 702 1248 768 Sauamdin
1268 726 1320 770 ex·

98 802 211 886 pletur,
230 822 331 887 neque
349 804 526 893 splendidae
547 805 670 869 elrrcem
687 803 933 869 emendationes:
957 810 989 868 at
1010 803 1037 867 is
1056 804 1178 889 capitur
1194 803 1322 885 ductus
1382 858 1385 861 .

99 902 155 987 qui
185 904 311 989 quidem
341 904 374 969 in
403 926 442 971 eo
470 907 618 993 scriptore
645 926 709 991 quo
736 903 824 971 multi
849 904 882 969 in
907 905 1089 991 antiquitate
1116 903 1323 992 mrestiganda

97 1010 227 1069 utarrtm
246 1014 372 1073 auctore
391 1007 465 1071 sutis
488 1016 536 1073 est
555 1026 699 1092 magnus,
723 1015 760 1073 ut
782 1014 865 1073 certe
886 1007 979 1085 scias,
1004 1006 1080 1092 quid
1102 1026 1229 1093 quoque
1249 1009 1319 1075 loco

102 1107 259 1192 scripserit
274 1108 464 1185 Macrobius,
485 1108 561 1194 quid
581 1108 761 1175 intruserint
780 1107 841 1185 olii,
859 1128 961 1194 nequa
982 1107 1026 1173 ais
1044 1108 1157 1173 dubius
1175 1109 1217 1193 (id
1238 1113 1322 1195 quod

101 1208 140 1273 iis
167 1210 345 1293 praesertim
373 1211 428 1296 qui
453 1212 621 1276 utebantur
645 1210 782 1275 editione
807 1209 986 1295 llipontinn,
1023 1208 1170 1277 latissima
1196 1212 1322 1297 wdem

101 1318 223 1393 vagata,
256 1310 311 1377 sed
335 1312 533 1378 amatium
558 1311 684 1378 omnino
707 1319 843 1389 curmte,
877 1310 989 1376 accidit
1010 1312 1212 1399 saepissime),
1246 1334 1322 1381 uum

102 1410 179 1476 tides
198 1411 338 1479 hahendo
360 1414 401 1479 sit
422 1414 523 1481 vernis
546 1432 626 1498 quse
648 1413 789 1498 legantur
813 1412 847 1477 in
868 1412 906 1477 iis
927 1411 1066 1499 psru'bus
1086 1434 1167 1499 quse
1188 1423 1323 1483 seusu·

102 1520 167 1577 tam
190 1514 337 1579 tulerunt.

193 1714 288 1793 Quod
306 1722 354 1793 ut,
374 1718 524 1799 qruntum
544 1713 575 1778 in
596 1733 646 1779 me
665 1722 757 1790 asset,
776 1718 972 1798 praestarem,
995 1723 1205 1800 apparatum
1226 1718 1325 1786 criti·

105 1834 187 1877 cum
211 1815 264 1899 qui
289 1814 365 1880 mihi
389 1816 571 1900 suppetebat
596 1814 697 1900 recepi
721 1814 891 1899 integrum,
922 1815 981 1881 nisi
1004 1816 1089 1902 quod
1108 1818 1199 1883 omisi
1218 1832 1324 1907 aperte

104 1915 256 1999 qtsoadam
278 1916 472 1982 librariorum
496 1916 606 1981 menda
625 1924 658 1981 et
675 1916 900 2002 discrepantem
921 1917 1183 2005 orthographiam,
1200 1922 1242 1988 dc
1262 1944 1324 2011 qus

104 2018 137 2081 in
159 2018 383 2103 prolegomenis
403 2038 470 2105 cup
488 2018 547 2083 lll.
568 2018 611 2083 ita
630 2018 689 2103 egi,
708 2027 746 2083 ut
761 2018 838 2084 nihil
856 2018 919 2084 lere
937 2018 1014 2084 milri
1034 2020 1238 2090 adiiciendum
1257 2048 1326 2095 essa

104 2118 256 2197 rideatur,
278 2120 341 2184 nisi
362 2119 393 2183 in
416 2118 521 2205 primis
544 2120 674 2205 plagulis
694 2138 747 2199 me
764 2120 847 2185 haud
870 2120 1013 2186 consuto
1034 2126 1252 2193 nonnullonsm
1271 2152 1324 2195 vo-

104 2221 285 2287 cabulorum
308 2221 398 2287 elissa
422 2230 561 2287 secutum
585 2242 653 2287 esse
671 2222 854 2309 scripturam
875 2230 969 2308 mque
992 2222 1026 2287 in
1047 2227 1260 2311 sequentium,
1294 2233 1326 2297 in

107 2320 233 2387 Graecis
255 2342 341 2399 raro,
361 2342 457 2409 quum
479 2323 516 2388 in
530 2322 687 2388 codicibus
708 2344 801 2410 saepe
818 2322 930 2409 scripta
950 2324 1012 2389 sint
1032 2324 1127 2390 literis
1147 2329 1275 2409 Latinis,
1294 2344 1327 2399 ct

107 2424 139 2489 in
161 2423 347 2491 editionibus
368 2432 581 2509 ercarptorum
605 2424 643 2489 de
666 2424 845 2490 differentiis
867 2433 901 2489 et
923 2423 1120 2489 societatibus
1139 2426 1250 2495 Graeci
1267 2434 1325 2498 La·

107 2525 227 2612 tiuique
258 2526 345 2591 serbi
376 2524 423 2589 sel
456 2525 619 2609 utriusque
648 2524 773 2609 linguae
799 2525 949 2589 demente
979 2523 1011 2587 in
1039 2526 1148 2591 eodem
1177 2530 1327 2602 vocabulo

108 2628 201 2692 mista
221 2628 297 2704 sint,
324 2626 502 2711 ubiomqare
523 2624 620 2690 torma
640 2633 721 2690 esset
742 2624 874 2701 Graeca,
900 2624 1066 2691 molitoris
1084 2648 1210 2716 quoque
1231 2632 1326 2703 Grae.

108 2728 154 2794 cis
175 2749 244 2795 esse
264 2748 366 2793 usum.
409 2726 460 2791 Sic
485 2734 589 2793 uttam
613 2747 677 2793 ram
706 2724 838 2802 institui,
869 2733 908 2791 ut
933 2726 1055 2793 codices
1077 2750 1172 2797 manu
1197 2734 1327 2823 scriptos

109 2831 260 2915 signamm
281 2828 376 2894 literis
397 2827 573 2903 ditioribus,
590 2827 741 2893 editiones
762 2826 947 2903 minoribus,
970 2836 1003 2893 et
1024 2830 1079 2895 uti
1098 2831 1200 2916 plures
1220 2834 1326 2905 iisdem

109 2932 204 2997 literis
234 2929 399 3016 signandae
433 2928 630 3014 numerisque
661 2936 781 2993 tantumn
814 2927 1048 3011 distinguendae
1082 2932 1128 3015 (ut
1156 2936 1252 3002 vltt
1281 2942 1328 3006 vel

110 3033 192 3119 pit)
213 3033 293 3097 inter
312 3052 346 3096 se
368 3029 590 3106 consentirent,
609 3050 702 3095 unam
722 3036 845 3095 tnnunm
865 3048 1012 3113 ponerem
1031 3029 1149 3097 literam
1169 3036 1199 3120 (ι
1219 3040 1267 3105 vel
1287 3044 1327 3130 p).

110 3134 290 3219 Significant
309 3138 414 3197 autam
431 3132 540 3209 vitu,
570 3130 600 3195 id
625 3136 672 3197 ast
692 3133 747 3197 ιι.
769 3132 822 3195 r‘t
844 3128 912 3206 vd„
941 3136 1004 3194 tres
1023 3132 1173 3201 eddim
1195 3138 1328 3210 Venetas

110 3256 191 3321 quae
211 3234 287 3301 mihi
306 3234 345 3298 ad
367 3252 491 3299 manum
515 3240 615 3297 erant:
649 3252 667 3297 e
691 3232 805 3316 quibus
829 3252 926 3317 quum
951 3232 1009 3310 rt,
1040 3243 1078 3300 ut
1099 3238 1236 3324 reliquus
1261 3245 1329 3310 eius

110 3336 219 3403 muts
238 3334 400 3413 editiones,
425 3354 522 3419 paene
541 3331 667 3399 omuino
688 3340 838 3417 congruat
860 3353 931 3397 cum
950 3336 1007 3411 rt,
1034 3358 1189 3405 noseraro
1207 3364 1326 3428 posim..

110 3448 164 3504 tur
182 3444 301 3503 tantum
321 3435 407 3521 signa
428 3437 469 3500 vl
494 3442 526 3501 et
546 3435 604 3511 vll,
634 3433 689 3499 ubi
711 3433 831 3518 signum
855 3436 895 3501 vl
920 3436 1152 3522 comprehcndit
1171 3442 1263 3510 οιίιιιιι
1286 3448 1328 3513 al·

111 3547 207 3606 teram
230 3538 410 3615 sditionem,
439 3537 492 3602 st
537 3536 630 3621 Signo
650 3554 801 3600 annorum
821 3535 900 3601 serie
917 3537 1068 3603 ordinavi:
1097 3541 1152 3605 ubi
1172 3547 1330 3633 complura

110 3662 179 3707 sese
202 3638 382 3726 excipientis
407 3646 494 3704 erant
514 3636 739 3721 coniungenda,
765 3637 898 3722 primum
918 3645 1038 3703 tantum
1061 3648 1093 3705 et
1110 3642 1252 3714 ultimum
1273 3672 1329 3738 po·

112 3744 160 3809 sui
189 3741 349 3807 interiecto
377 3740 465 3825 signo
495 3738 529 3825 pl
559 3738 596 3823 ι).
655 3737 728 3817 Quo
759 3736 876 3803 facilius
901 3738 1132 3825 intelligeretur,
1167 3748 1241 3832 quid
1270 3752 1330 3818 talo

111 3842 329 3931 compendium
353 3842 455 3919 vellet,
485 3839 517 3904 in
541 3838 648 3927 quavis
673 3840 783 3927 pagina
808 3839 914 3905 dextra
935 3861 1027 3926 supra
1045 3854 1224 3930 apparatum
1246 3852 1329 3919 criti-

112 3968 184 4015 cum
208 3942 298 4031 posui
319 3942 457 4009 omnium
478 3940 647 4008 editionum
670 3940 758 4027 signa
778 3942 951 4027 praeposito
971 3944 1060 4021 Eut,
1081 3949 1164 4031 quod
1186 3972 1330 4041 compen.

184 4240 213 4298 ι)
236 4236 285 4287 Sto
304 4246 367 4299 μς
386 4238 434 4294 (ε
451 4235 567 4299 rtcatg)
595 4230 741 4299 stgntlicat
761 4246 859 4285 oues
880 4235 1021 4287 ettttsses
1042 4251 1060 4290 a
1078 4243 1188 4296 vanem
1206 4246 1227 4296 l.
1243 4260 1332 4312 nsque

113 4324 149 4375 ad
167 4320 346 4385 Gryphianus
365 4320 427 4382 lv„
453 4320 472 4370 l.
489 4334 514 4370 e.
537 4333 633 4371 omues
657 4318 797 4370 aditiones
815 4332 888 4381 quse
906 4326 972 4371 sate
989 4325 1202 4385 sscpnsotasan
1219 4334 1333 4393 protle·

114 4412 195 4463 rnat:
213 4406 272 4455 s-t
291 4408 384 4455 autern
402 4402 449 4467 (a
466 4404 570 4467 spese)
589 4408 653 4466 psat
670 4402 884 4465 saepta-tamn
902 4418 1015 4457 omnes:
1035 4422 1067 4456 r·
1079 4412 1116 4472 gn
1135 4416 1183 4471 (ι.
1199 4415 1332 4483 emm)

116 4502 213 4543 assues
229 4486 368 4540 cttuosss
385 4500 456 4551 quac
478 4488 640 4552 undarunt
663 4492 729 4539 anta
746 4488 960 4550 messum
977 4502 1039 4542 cun
1057 4493 1214 4555 tttpsstl'ss.
