2942 4859
109 50 145 117 X
622 74 816 121 russerie·

115 227 221 305 postea
243 218 444 306 tergiversari.
489 222 652 289 Postremo
680 222 716 289 F.
743 219 805 289 Gn.
831 224 1229 309 &aasrsnrrasmagua
1251 240 1334 307 quae

116 320 149 387 in
173 341 252 406 opus
277 342 380 389 meum
406 325 620 410 qualecunque
644 325 776 391 contrrfit
800 326 948 395 mamers
971 346 1082 410 magno
1103 325 1228 390 cumufo
1249 324 1336 389 anxit

117 422 361 491 commendando
394 426 470 491 mibi
501 448 572 493 eum
601 426 656 512 qui
689 427 800 493 ceteris
830 428 1020 494 constantior
1049 435 1144 492 staret
1174 425 1334 512 promisso

118 525 178 589 Hic
197 524 324 592 consilio
344 548 414 593 meo
437 528 560 614 mgnba
581 535 675 613 atque
696 530 898 614 comprobato
921 528 952 595 id
973 548 1072 594 unum
1092 536 1200 615 pactus
1222 536 1280 604 est,
1299 534 1338 592 ut

119 627 220 712 operis
243 629 394 697 traderem
416 650 478 695 non
498 630 689 697 emendatum
718 637 845 708 mauras,
863 639 899 696 ut
915 632 1082 708 sobrerau,
1098 629 1152 696 scd
1173 630 1265 695 efiam
1284 650 1337 694 er·
1422 697 1427 703 ,

120 728 275 814 planatum
294 731 502 797 Macrobium:
535 732 566 798 id
586 732 670 818 quod
692 732 721 797 ei
741 732 971 798 concedendum
990 753 1061 799 esse
1080 732 1199 818 putari,
1229 750 1338 817 quam·

121 851 214 915 quam
236 831 361 899 minime
386 854 436 899 me
463 834 555 920 fugit,
588 855 681 919 quarn
704 834 827 900 difficile
847 834 907 902 hoc
927 843 1023 912 essct,
1056 835 1142 900 fibris
1159 834 1339 919 praesertim

121 932 168 997 vel
189 934 319 1001 mamma
342 936 520 1002 necessariis
543 937 699 1003 destituto.
745 937 836 1016 Quos
858 937 945 1021 potui
970 936 1156 1022 comparavi:
1184 954 1265 1037 quae
1284 954 1339 999 sn·

123 1040 173 1099 tea
192 1035 230 1099 ad
250 1037 441 1103 Macrobium
463 1037 583 1104 fuerant
603 1039 747 1105 adnotata
766 1038 943 1116 exanunari,
963 1038 1074 1103 itiones
1094 1036 1214 1122 recepi:
1234 1056 1340 1122 pauca,

124 1155 204 1221 quae
222 1138 261 1203 ad
284 1159 439 1227 quenmue
460 1142 562 1207 focum
584 1140 679 1227 probe
701 1140 930 1225 inteffigendum
952 1139 1129 1206 viduantur
1147 1160 1215 1205 esse
1235 1158 1342 1204 neces·

125 1237 218 1314 saria,
250 1239 315 1325 ipse
342 1242 448 1308 adieci
492 1248 584 1309 Anno
602 1242 861 1308 Mueecxnvl.
884 1264 990 1307 mense
1009 1242 1101 1307 iunio
1122 1241 1343 1308 commentarii

125 1338 158 1403 in
183 1340 344 1409 Somnium
369 1345 521 1430 Scipionis
544 1344 604 1409 boc
629 1344 723 1409 niodo
748 1364 848 1429 usque
875 1344 915 1409 sd
942 1344 1035 1432 fiacus
1057 1344 1233 1430 pertractati
1257 1344 1343 1429 prefo

127 1450 200 1507 sunt
221 1444 360 1512 subiecti.
403 1446 520 1512 Versus
540 1446 612 1511 anni
634 1446 738 1523 finan,
759 1464 855 1531 quum
871 1454 989 1531 septem
1009 1445 1148 1531 plagulae
1168 1453 1271 1511 essent
1289 1447 1343 1510 ab·

127 1542 254 1623 solutae,
276 1567 324 1613 ras
347 1547 378 1613 in
401 1568 453 1613 sex
476 1546 539 1614 fera
560 1566 681 1613 menses
703 1555 752 1613 est
772 1547 864 1615 difata
885 1548 988 1633 operis
1010 1548 1070 1614 alia
1093 1548 1225 1634 quodam
1250 1568 1344 1632 nego·

129 1643 173 1709 tio
208 1649 291 1731 quod
329 1650 543 1738 procrastinari
577 1670 640 1715 non
676 1656 783 1736 posset
816 1651 983 1736 occrmstis
1046 1652 1166 1716 Eodem
1205 1658 1347 1735 tempore

130 1746 165 1811 F.
185 1746 337 1816 Osanna·
363 1753 501 1819 codicem
525 1772 615 1817 suum
633 1752 931 1818 Commentariorum
956 1754 987 1817 in
1010 1754 1171 1819 Somnium
1194 1751 1347 1837 Scipierrir

131 1852 262 1931 atquae
284 1862 475 1937 excerpserat
492 1876 511 1919 e
527 1853 650 1918 duobus
669 1853 737 1917 aliis
760 1852 835 1916 mibi
854 1854 950 1930 misit,
976 1853 1059 1917 baad
1083 1860 1237 1936 grassum,
1262 1853 1347 1937 qnod

130 1946 281 2017 Macrobii
304 1953 603 2021 Commentariorum
632 1974 695 2018 rma
726 1974 796 2017 enm
823 1953 979 2019 Cicemnis
1002 1953 1043 2018 (fe
1067 1953 1245 2038 republica
1266 1951 1347 2038 frag-

133 2050 243 2117 mentis
275 2054 462 2123 edendorum
494 2054 654 2121 consilinm
686 2076 703 2119 a
735 2076 785 2121 me
818 2055 876 2120 sibi
905 2064 988 2120 esset
1018 2063 1167 2139 ereptum.
1219 2054 1267 2120 lix
1300 2054 1349 2120 bis

82 2140 86 2149 '
133 2152 248 2237 scripto
269 2177 339 2224 mec
359 2160 400 2225 ob
418 2157 450 2224 id
470 2158 571 2243 ipsum
593 2157 739 2223 arcessito
761 2156 865 2222 addidi
884 2156 1035 2242 quidqiicf
1058 2156 1150 2222 inseri
1172 2156 1292 2236 ficebat,
1311 2166 1350 2221 nt

133 2274 197 2321 uon
222 2260 325 2325 omnia
348 2267 553 2337 mutarentur,
589 2258 722 2343 dataque
747 2259 911 2324 occasione
932 2258 1003 2323 anni
1029 2258 1242 2325 adnotationes
1271 2260 1350 2325 efi-

135 2355 199 2423 bris
233 2360 417 2445 quibusdam
445 2361 559 2427 interea
587 2360 626 2425 ad
659 2382 708 2426 me
740 2360 847 2425 effatis
897 2360 1055 2426 versionis
1080 2360 1256 2427 Pfanurfeae
1282 2369 1350 2428 urm

135 2458 211 2526 mibi
246 2464 332 2529 licuit
364 2463 411 2529 uti
445 2470 532 2549 parte
556 2463 689 2549 quadem
722 2463 803 2549 typis
833 2463 998 2548 dooripta,
1032 2464 1121 2529 caius
1153 2458 1241 2549 copia
1276 2460 1353 2529 mifsi

136 2556 215 2627 facta
246 2573 293 2629 est
325 2586 343 2630 a
369 2566 407 2630 G.
431 2567 615 2630 Hssssuso
639 2573 672 2630 et
697 2564 916 2630 Gessacem:
951 2584 1022 2630 nam
1059 2565 1265 2631 intermissum
1298 2586 1353 2631 er·

137 2662 269 2738 cudendi
305 2687 383 2751 opus
417 2665 656 2750 redintegratum
692 2675 740 2731 est
775 2668 859 2753 prius
894 2686 987 2751 ῳιιιιι
1022 2667 1146 2732 codicis·
1172 2668 1355 2752 Augustani,

138 2762 179 2829 de
205 2785 269 2851 quo
296 2768 356 2833 vid.
386 2768 520 2853 profegg.
549 2788 617 2853 pag.
647 2788 757 2833 xsrrrr.
786 2788 846 2851 sq,
883 2767 983 2831 factus
1012 2788 1080 2831 sum
1116 2788 1252 2851 compos.
1303 2766 1354 2832 Li-

140 2863 211 2931 beffi
245 2868 378 2955 denique
407 2868 450 2935 de
479 2866 701 2935 differentiis
728 2876 765 2932 et
790 2868 1036 2933 societatibus
1062 2866 1194 2934 Graeci
1220 2867 1354 2932 Latini-

141 2986 209 3051 que
235 2972 334 3037 verbi
358 2979 499 3057 excerpta
521 2970 659 3037 Parisino
685 2990 756 3035 meo
779 2976 890 3054 rogatu
911 2969 1048 3035 excussit
1071 2970 1129 3035 Ta.
1150 2970 1357 3048 Prusenses,

141 3067 391 3137 vindobonensia
411 3080 443 3137 et
462 3072 663 3158 fragmentum
686 3071 760 3136 iffud
780 3071 823 3137 de
842 3073 960 3148 verbo,
979 3071 1063 3156 qnod
1084 3079 1120 3136 ut
1140 3092 1178 3137 ex
1197 3071 1256 3137 boc
1278 3070 1357 3138 fibro
1446 3147 1447 3150 Ἴ

142 3189 251 3257 magna
268 3173 391 3258 quidem
410 3194 448 3239 ex
470 3182 555 3259 parte
574 3182 730 3259 sumptum
751 3172 924 3238 addendum
940 3194 1008 3237 esse
1029 3172 1103 3237 mibi
1122 3172 1289 3251 videbatur,
1306 3194 1357 3239 ac·

143 3280 230 3357 cepta
262 3272 360 3340 refero
391 3274 576 3341 Analectis
609 3274 854 3359 grammaticis
888 3294 967 3359 quae
1002 3273 1164 3339 ediderunt
1200 3276 1358 3341 lasaruus

145 3392 185 3437 aa
214 3374 421 3440 Ercunrrsns
452 3386 484 3441 et
512 3376 704 3443 Srsrusuus
730 3376 932 3439 Essnranss:
960 3396 979 3439 e
1008 3375 1122 3459 quibus
1155 3376 1238 3460 quod
1266 3377 1359 3443 huius

144 3480 262 3541 tantum
286 3498 398 3544 nomen
420 3476 483 3543 fero
504 3478 602 3563 posui,
622 3476 652 3541 id
671 3476 827 3543 brevitatis
846 3476 949 3541 studio
969 3475 1028 3541 feci
1047 3478 1264 3561 praeeuntibus
1283 3479 1360 3557 afiis,

145 3596 201 3641 nec
220 3599 336 3657 vereor,
357 3600 397 3645 ne
418 3600 507 3665 aegre
527 3578 585 3643 boc
607 3577 684 3643 ferat
702 3577 898 3643 doctissimus
916 3578 1018 3664 operis
1036 3578 1104 3643 eius
1123 3578 1234 3644 socius.
1279 3580 1360 3646 Gon-
1446 3581 1447 3622 ³

144 3675 223 3745 feras
244 3681 458 3766 prolegomena
477 3702 505 3766 p.
529 3703 596 3746 sur.
613 3700 658 3765 sq.
701 3680 740 3743 In
759 3679 881 3765 quibus,
899 3700 1086 3766 quamquam
1107 3700 1188 3765 quae
1203 3679 1253 3745 bic
1274 3698 1361 3747 enar·
1446 3683 1447 3756 ἶ

146 3780 210 3845 ravi
232 3781 295 3847 suis
316 3784 391 3849 focis
412 3781 475 3848 fere
495 3790 568 3847 sunt
588 3790 837 3858 commemorata,
857 3781 961 3867 putari
980 3789 1083 3846 tamen
1104 3780 1183 3847 brac
1204 3780 1279 3847 mibi
1297 3781 1362 3845 dari
1446 3769 1447 3776 ἵ

147 3881 277 3961 reniam,
297 3893 334 3950 ut
353 3906 389 3950 ea
407 3883 457 3948 bic
478 3883 697 3969 conpfecterer
716 3882 804 3968 quasi
821 3902 886 3948 uno
905 3882 938 3947 in
957 3890 1124 3969 conspectu
1141 3882 1280 3960 videnda,
1299 3902 1363 3967 quo

149 3983 245 4067 magis
270 3992 428 4070 appareret
453 3994 484 4049 et
515 3985 681 4070 permultos
706 3986 788 4051 viros
822 4005 884 4049 non
916 3984 1016 4050 minus
1052 3984 1240 4049 humanitate
1270 3992 1364 4069 atque

150 4083 328 4150 liberalitate
351 4108 442 4173 quarn
465 4086 602 4161 doctrina
624 4088 818 4163 excellentes,
852 4086 965 4171 quibus
990 4086 1129 4151 meritam
1151 4086 1280 4171 gratiam
1300 4107 1363 4150 me-

152 4186 229 4251 mori
252 4196 353 4251 niente
375 4188 529 4273 persolvo,
560 4208 684 4272 operam
711 4210 809 4252 meam
835 4188 955 4273 egregie
980 4186 1143 4264 adiuvisse,
1176 4194 1207 4250 et
1231 4207 1293 4263 me,
1328 4208 1365 4250 ex

151 4312 213 4376 quo
241 4289 300 4355 hoc
325 4289 482 4373 negotium
506 4288 720 4375 suscepissem,
755 4309 912 4373 nunquam
939 4286 1102 4372 quievisse,
1138 4306 1238 4372 neque
1269 4286 1365 4353 labori

151 4414 252 4478 neque
276 4390 450 4478 sumptibus
474 4399 661 4478 parcentem,
689 4398 731 4460 ‚ut
766 4389 979 4476 conquirerem
996 4397 1184 4475 ¹apparatum
1210 4388 1366 4465 idoneum,
