2942 4859
160 63 217 132 uu
236 61 348 130 usuc.
369 60 423 130 ET
445 60 535 132 SOG.
556 59 714 132 euicui
735 5 1074 145 sarmaticam
1116 67 1156 134 V.
1195 69 1261 138 239

85 233 198 300 dicitur
220 227 425 320 ἑῳνοχόοιν,
453 239 486 297 et
505 251 562 318 pro
583 222 626 316 ἦν
648 231 705 318 ἔην
725 233 842 302 dicunt
885 235 957 304 Non
981 235 1082 303 solum
1104 236 1138 304 iu
1158 238 1262 306 serbis

87 319 164 387 haec
191 339 395 470 supervacua·
412 317 542 424 adiectio
570 318 739 386 sedetiam
769 320 801 387 in
828 321 1007 392 nominibus
1029 331 1178 422 psurpata
1205 331 1262 403 est,

238 427 285 469 να
312 412 344 470 et
371 403 490 469 similia.
534 403 714 486 Αναβαίνω
734 413 767 471 et
786 404 888 490 ἐπέχω
906 430 970 475 noc
990 429 1121 494 primani
1141 407 1195 475 sed
1213 414 1312 479 iis-12

86 395 167 469 ἕδνα
187 401 217 470 ἕε

86 489 220 556 cunilam
246 489 392 577 syllabam
415 496 629 568 mutaverunt,
656 489 729 575 quia
750 492 848 576 prima
868 515 931 558 non
951 493 1037 559 serbi
1056 494 1111 560 sed
1132 515 1262 581 praepo·

86 575 210 642 sitionis
233 583 297 642 est:
334 575 426 640 verba
447 573 529 640 enim
552 583 626 640 sunt
644 573 751 657 βαίνω
770 569 848 660 ἔχω,
875 584 907 644 ct
928 577 1043 646 iaciunt
1064 575 1198 664 ἔβαινον
1218 573 1261 645 el·

85 685 156 745 χον,
179 662 251 727 inda
272 655 448 744 ἀνέβαινον
470 651 607 743 ἐπείγου.
651 653 869 744 Ἀναισγυνπῶ
890 671 990 728 mutat
1008 665 1149 750 primam,
1168 662 1261 751 docc-
1272 668 1311 734 13

86 745 266 852 ογίυπουν,
287 747 359 832 quia
379 767 418 812 ex
441 745 566 812 nomine
585 747 781 832 conpositum
801 755 864 827 est,
886 747 917 813 id
936 757 984 815 est
1003 749 1090 832 βῆμα
1111 747 1262 836 ὀνοματι-

83 855 157 912 νον,
180 827 397 914 άναίοχυντος
417 825 639 916 άναισχυντῶι
669 832 766 898 verba
786 841 890 900 autem
914 854 953 898 cx
973 835 1140 918 conpositis
1162 837 1262 904 nomi·

85 917 144 985 bus
172 917 392 1006 paraspntbeta
419 927 582 997 vocantur,
621 925 653 984 et
678 918 818 1069 aprima
843 918 959 1006 syllaba
985 919 1191 999 declinantur,
1226 931 1263 990 ut

85 1005 248 1090 φίλιππος
270 1001 447 1088 φιλιππίζω
473 1001 696 1090 ἐφιλίππιζονε
734 1005 795 1071 icet
816 1026 878 1071 non
899 1005 1055 1091 ignorem,
1077 1005 1161 1104 quod
1183 1003 1261 1090 σύμ
1271 1011 1311 1076 14

82 1114 188 1174 μαχος
209 1093 242 1154 et
264 1084 444 1174 συνήγορος
464 1090 624 1176 conposita
643 1087 706 1155 sint
723 1090 849 1157 nomina
870 1098 902 1156 et
919 1112 958 1158 eu
978 1113 1013 1158 se
1034 1091 1149 1156 faciant
1168 1091 1263 1158 rerba

82 1175 323 1262 paraspntheta,
344 1176 500 1259 συμμαχεῖ)
522 1175 709 1260 συνηγοηῶ,
730 1197 811 1264 quae
832 1183 936 1242 tamm
959 1198 1023 1242 nou
1042 1176 1119 1244 loris
1138 1177 1192 1244 sed
1215 1177 1261 1244 in·

82 1273 135 1328 tus
159 1263 369 1340 declinantur,
409 1255 806 1346 συμμαχῶουνεμάχονν,
846 1264 1018 1346 σννηγοοῶ
1038 1258 1262 1349 συνηγόροννε

83 1348 138 1414 sed
168 1347 231 1414 boc
253 1347 336 1426 ideo,
397 1347 448 1413 uia
476 1347 662 1434 praepositio
690 1347 741 1414 bic
764 1347 859 1414 babet
884 1348 1138 1433 significationem
1163 1370 1261 1416 suam

82 1431 236 1500 Ceterum
258 1432 312 1500 ubi
336 1368 440 1510 addus
462 1451 501 1497 ex
522 1431 751 1531 praepositione
771 1454 880 1500 sensus
902 1435 1035 1511 accedit,
1071 1433 1146 1500 toris
1168 1435 1311 1504 decli-15

83 1528 180 1586 natur
202 1518 419 1618 inperfectum,
441 1517 472 1584 id
493 1527 541 1584 est
561 1518 704 1586 adiicitur
726 1518 770 1584 illi
793 1518 915 1598 vocalis,
935 1527 1093 1606 umquam
1115 1541 1261 1605 praesens

81 1615 211 1691 tompus
235 1603 364 1690 incipiat
382 1603 613 1682 aconsonanti,
632 1605 758 1684 καθίζω
782 1601 945 1685 ἐκάθιζον,
964 1600 1119 1670 καθεύδω
1142 1601 1312 1692 tete-[sss]
1431 1701 1434 1708 Ι

80 1691 203 1756 sodor:
229 1689 429 1768 honestitas
451 1689 535 1775 quod
555 1689 691 1768 καθίζω,
712 1689 772 1756 hoc
793 1685 879 1756 εύδω
898 1690 983 1776 quod
1002 1685 1166 1770 καθεύδω,
1188 1691 1260 1777 qiiia

80 1775 277 1862 praepositio
308 1774 384 1840 nibil
413 1775 572 1924 siqnificat.
615 1774 675 1842 Ubi
709 1797 782 1842 vero
812 1775 937 1842 additur
968 1797 1009 1842 ex
1034 1773 1312 1863 praepositionem

81 1882 213 1938 sensus,
244 1867 319 1928 tunc
340 1860 372 1926 in
393 1860 596 1926 decinctiouc
618 1861 776 1948 inperfecti
800 1862 993 1948 quaerimus,
1026 1863 1110 1928 unde
1136 1861 1263 1961 incipiat

81 1947 218 2014 verbum
242 1945 342 2031 ipsum
364 1945 430 2012 sinc
475 1946 697 2032 raepositione:
738 1948 815 2015 etsi
837 1948 964 2014 verbum
985 1969 1003 2014 a
1027 1947 1122 2014 vocali
1145 1947 1262 2033 incipit,

81 2031 230 2120 quamvis
250 2031 438 2117 praepositio
453 1968 569 2103 babeat
589 2041 819 2114 consonantem,
836 2035 923 2099 verbi
941 2041 1043 2099 tanim
1064 2033 1201 2100 vocalem
1222 2055 1261 2099 ex
1330 2063 1335 2074 ·

78 2119 169 2186 brevi
194 2125 354 2183 mutamus
376 2117 408 2182 in
429 2117 567 2203 longam:
606 2127 642 2183 ut
663 2113 795 2202 συνάγω
817 2120 976 2203 οιππῆγον,
1011 2119 1084 2206 quia
1107 2119 1191 2184 aliud
1214 2125 1263 2191 est

76 2199 150 2288 άγω
173 2201 264 2270 aliud
286 2196 426 2286 acccipe.
469 2203 550 2270 Item
570 2202 595 2270 si
616 2205 804 2291 praepositio
825 2225 905 2290 quae
927 2226 1051 2270 sensum
1074 2203 1194 2270 confert
1214 2205 1260 2270 in·
1271 2202 1311 2270 ll

73 2289 174 2443 llll
193 2287 1262 2458 {alll,⁵”lllulpllllldlltlal0allllllbld

75 2463 166 2530 nanti
190 2459 283 2526 verbi
305 2457 458 2534 vocalem,
494 2465 531 2526 ut
550 2463 598 2522 est
618 2455 772 2541 ἐνιχαίρω
794 2455 978 2544 ἐνέχαιρον,
1018 2458 1091 2543 quia
1110 2457 1193 2523 aliud
1213 2467 1262 2524 est
1314 2487 1320 2502 ·
1357 2472 1361 2478 ’

76 2543 246 2630 ἐνιχαίρω
268 2541 350 2608 aliud
368 2542 481 2626 χαίρω.
525 2541 606 2608 Saue
627 2540 687 2608 hoc
708 2538 899 2624 observatur,
919 2551 956 2611 ut
975 2542 1088 2608 vocalis
1106 2563 1187 2628 quae
1208 2541 1260 2608 ad·
1272 2539 1311 2608 18

77 2635 167 2700 ditur
189 2629 376 2694 consonanti
397 2627 499 2694 brevis
521 2627 576 2706 sit,
614 2627 770 2714 quianon
793 2637 895 2715 potest
913 2629 996 2708 ultra
1018 2648 1115 2693 unum
1137 2637 1261 2716 tempus

76 2733 282 2786 excrescere:
318 2710 402 2796 λέγω
422 2708 548 2796 ἔλεγον,
575 2709 710 2798 λέγομαι
731 2710 895 2800 ἐλεγόμην.
938 2714 1027 2781 Unde
1048 2709 1209 2798 βούλομαι
1229 2723 1261 2781 et

78 2801 235 2885 δύναμαι
255 2799 424 2866 secundum
446 2819 641 2864 communem
667 2801 805 2886 regulam
827 2822 866 2866 ox
887 2822 921 2866 sc
942 2800 1059 2865 iaciunt
1080 2795 1262 2884 ἐβουλόμην

78 2884 276 2971 ἐδυνάμηνε
306 2885 358 2951 sed
380 2883 464 2984 quod
484 2905 575 2972 saepe
593 2884 723 2970 legimus
742 2881 931 2986 ἠβουλόμην
950 2879 1136 2971 η’δυνάμην,
1158 2886 1261 2950 Attica

77 2975 212 3043 licentia
234 2978 290 3037 est.
332 2971 447 3038 Ultima
469 2990 594 3056 quoque
613 2971 728 3057 syllaba
752 2972 911 3060 inperfecti
933 2970 1076 3038 nonnihil
1101 2966 1311 3036 discreta-ill
1424 2971 1428 2977 '

76 3062 122 3129 tis
146 3058 261 3134 babet,
297 3062 334 3121 ut
356 3056 388 3121 iu
412 3054 636 3142 perispomenis
683 3057 760 3123 rima
778 3065 815 3140 ct
834 3059 925 3124 tortia
948 3059 980 3123 in
1006 3058 1105 3122 ΟΤΝ
1121 3055 1259 3134 mittunt,

78 3145 225 3212 ἐποίουν
245 3137 415 3226 ἐχηύοονν,
436 3141 569 3207 secunda
590 3141 622 3206 iu
682 3142 726 3222 N,
747 3139 868 3226 ἐβόων·
889 3166 968 3231 quae
987 3143 1068 3211 liunt
1086 3143 1120 3211 iu
1137 3141 1260 3230 passivo

76 3233 130 3301 vel
166 3226 298 3315 passivis
331 3226 482 3293 similibus
517 3221 694 3312 ἐποιούμην
723 3223 928 3315 ίηρυσούμην
958 3225 1117 3314 ἐβούμην.
1163 3227 1258 3315 Apud
1266 3225 1311 3292 20

76 3318 225 3384 Graecos
247 3311 331 3377 solus
350 3311 530 3379 diffinitirus
551 3313 662 3380 modus
687 3335 833 3400 praesens
852 3315 890 3381 ab
912 3315 1081 3404 inperfecto
1102 3314 1260 3416 disiungit,

76 3399 182 3469 ceteri
205 3418 313 3463 omues
334 3397 418 3463 modi
440 3399 586 3484 iungunt,
612 3407 650 3466 ut
670 3403 758 3485 φιλῶ
777 3399 934 3487 toilonii:
964 3411 996 3468 at
1019 3403 1051 3468 in
1077 3403 1259 3486 imperativo

76 3487 176 3574 pitter
200 3503 345 3590 praesens
368 3492 400 3550 et
418 3483 621 3571 inperfectum
646 3487 860 3556 confunditur:
892 3486 1034 3553 similiter
1056 3487 1089 3552 iii
1111 3485 1259 3551 coniunc·
1319 3504 1323 3513 ¹

75 3574 147 3640 tivo
177 3567 242 3633 ἐαν-
259 3571 347 3654 φιλῶ
369 3577 402 3635 et
425 3570 457 3636 in
477 3571 616 3658 optativo
643 3570 672 3634 εί
694 3575 825 3656 φιλοῑμι
845 3581 879 3637 et
903 3573 937 3636 in
966 3571 1120 3637 infinitivo
1148 3571 1260 3654 φιλεῖν

72 3667 258 3738 utrumque
278 3655 369 3721 simul
391 3664 514 3740 tempus
536 3655 699 3741 appellant

1002 3763 1087 3828 [Edd.
1108 3761 1191 3830 pdzb.

72 3855 121 3905 13.
162 3851 281 3898 mutuat
305 3844 336 3897 Ρ.
362 3871 395 3884 -
421 3839 597 3913 decepimus
624 3849 651 3902 li.
805 3852 846 3901 ir.
885 3845 1011 3916 ἕγχαίρω
1039 3847 1111 3901 cani.
1144 3844 1259 3913 Opsnp,

73 3910 236 3986 ,βνιχοιίηω
269 3911 410 3980 poctlcnni
446 3919 522 3965 ast.“
693 3917 735 3965 ic.
772 3917 884 3984 porrici
917 3917 1046 3968 similiter
1077 3914 1148 3967 cciii.
1186 3913 1259 3964 Zen-

70 3986 165 4046 niun,
200 3997 284 4044 „curn
308 3985 406 4032 unctor
428 3981 641 4047 proximante
662 3983 778 4051 pariter
798 3983 828 4036 iii
851 3999 966 4035 numero
985 3982 1126 4052 singulari
1145 3979 1259 4047 dixerit,

71 4061 170 4120 atque
196 4064 230 4100 ex
252 4048 447 4102 coniunctione
469 4047 559 4102 dativi
581 4056 610 4102 at
631 4048 751 4104 ablativi
769 4049 877 4119 aliquid
895 4051 1001 4119 ingrati
1022 4052 1132 4103 oriatur
1147 4057 1176 4102 et
1192 4049 1260 4100 bor·

71 4119 173 4178 riarf‘
290 4119 335 4169 2⁰.
370 4132 458 4170 omnes
475 4117 556 4170 mado
572 4116 636 4170 dab.
670 4116 794 4172 zeusius
810 4120 882 4174 conl.
899 4121 1073 4173 omneimodi
1088 4120 1257 4189 iunguntur.

111 4225 162 4278 14.
201 4219 261 4276 licet
284 4239 337 4274 acii
361 4221 496 4291 igriorem,
528 4223 599 4289 pund
622 4257 647 4276 ..
696 4223 884 4293 intelligenda
899 4241 980 4276 nemo
997 4240 1052 4276 non
1069 4222 1156 4276 facilc
1173 4221 1258 4275 intel-

71 4289 224 4360 cimpositn
236 4287 300 4358 rint]
323 4289 383 4342 Vid.
403 4295 459 4344 not.
482 4289 518 4342 nd
540 4288 646 4344 Cornus.
696 4291 792 4359 ligit.“
813 4293 900 4346 Zicnii.
920 4319 948 4330 -
969 4291 1012 4344 ct.
1032 4309 1056 4344 c.
1075 4296 1122 4355 15,
1145 4291 1176 4357 §t
1192 4296 1210 4342 9
1228 4295 1258 4340 et

51 4355 100 4428 Ὶ,
121 4361 171 4421 Ιθ,
190 4359 233 4410 18.
698 4357 756 4424 is.;
771 4377 796 4413 c.
814 4365 856 4427 10,
874 4361 888 4428 β
905 4365 946 4423 (πη
964 4359 1102 4413 Priscian.
1119 4360 1169 4412 lib.
1182 4359 1256 4422 vill,

113 4429 161 4477 19.
198 4425 240 4480 ναί
253 4424 521 4495 μοωίνίεπίεηίίίόωε]
535 4425 647 4490 „Verbis
697 4442 759 4496 cap.
784 4428 821 4482 do
838 4435 924 4496 teinp.
942 4429 1018 4481 verb.
1037 4447 1064 4496 p.
1084 4433 1146 4480 θ’ίδ.

71 4490 194 4556 media,
216 4509 288 4560 qnae
307 4495 394 4564 vulgo
412 4494 557 4560 dicuntur,
581 4511 645 4548 osio
729 4501 773 4549 2⁰.
808 4506 838 4553 ct
851 4499 881 4551 iii
896 4498 1053 4568 imperativo
1069 4495 1151 4564 φίλει]
1168 4493 1258 4561 „Par-
