2942 4859
207 102 285 168 xlv
309 92 311 98 ’
720 124 913 171 marum.

207 272 355 356 gitaretur
385 272 590 359 interpunctio
620 272 699 339 inter
729 274 820 341 colon
844 282 877 340 et
898 276 979 340 inter
1003 294 1124 340 comma
1148 272 1258 339 medie
1302 273 1339 337 la
1367 270 1422 337 bac

207 394 275 438 maa
297 374 531 461 interpungendi
551 374 669 441 ratione
688 376 719 441 id
740 374 866 442 forsitan
885 375 996 462 aliqrris
1018 376 1233 463 reprehendat,
1253 374 1344 461 quod
1361 394 1422 439 oon

207 475 280 539 satis
299 497 336 542 ea
355 476 412 541 sibi
431 484 564 542 constet:
584 486 617 542 st
633 498 703 543 cum
723 477 810 565 optio
827 486 917 555 esset,
936 485 1042 544 utrum
1062 477 1252 543 mentire
1268 476 1421 563 prospice-

206 597 271 643 rem
301 598 341 643 an
371 577 589 643 sententiarum
620 580 844 665 perspicuitati,
881 580 962 645 illam
991 578 1064 646 buio
1089 578 1329 666 pcsdrrbandam
1355 597 1422 642 essa

152 672 161 682 '
206 678 320 757 censui,
343 700 422 765 quae
443 679 474 745 in
495 680 548 745 tali
570 680 693 766 quidem
713 682 862 768 scriptore
879 702 936 768 pro
957 702 1076 748 summa
1095 680 1162 767 lege
1181 678 1322 753 bibenda
1341 687 1397 744 est

292 868 377 949 ldcrb
409 884 542 969 spectari
573 884 604 948 in
633 885 718 951 brari
751 885 987 951 adnotatione
1019 862 1112 971 qoam
1142 883 1245 950 rddidi
1275 880 1421 969 oporibus

204 984 366 1079 Macrobii,
398 1006 467 1050 nam
488 986 658 1072 (Ciceronis,
680 987 840 1053 Somnium
869 986 1022 1073 Scipionis
1050 985 1289 1071 mgnentomm
1318 982 1358 1048 de
1386 1003 1420 1047 ro

205 1085 325 1171 publica
340 1087 509 1153 editoribus
523 1087 783 1173 interpretandum
798 1088 972 1175 relmquere
985 1109 1036 1155 me
1049 1110 1141 1175 posse
1154 1088 1282 1175 pruril:
1296 1094 1419 1163 etcum

204 1188 301 1253 multo
324 1188 427 1274 plures
448 1189 576 1276 singulis
595 1190 645 1256 illa
667 1190 745 1255 locis
763 1190 882 1256 soleant
903 1191 1053 1277 inspicere
1075 1209 1168 1277 qnam
1192 1188 1324 1255 lectiam
1345 1208 1419 1252 eon·

203 1288 288 1354 tinua
308 1310 477 1375 peragrare,
500 1290 530 1355 id
549 1291 597 1376 egi
618 1292 822 1377 potissimum,
841 1301 951 1379 utper
971 1314 1005 1357 se
1025 1312 1168 1379 quaque
1188 1297 1314 1377 possem
1330 1288 1418 1353 intel·

203 1390 264 1475 ligi.
306 1392 450 1478 Receptis
471 1412 545 1478 ergo
567 1394 604 1459 iis
624 1414 703 1479 quac
723 1393 763 1459 ad
784 1394 922 1479 singrdos
941 1393 1026 1460 locos
1046 1393 1291 1479 interpretandos
1309 1397 1419 1456 coatr-

203 1492 304 1557 lerunt
322 1494 495 1580 superiores
517 1494 664 1573 editores,
694 1494 792 1562 adieci
816 1514 897 1581 guae
920 1516 1001 1583 opus
1024 1516 1091 1561 esse
1119 1495 1295 1561 riderentur
1318 1498 1351 1558 et
1378 1490 1419 1555 ad

202 1593 352 1659 tollendas
374 1594 567 1662 difficultates
591 1606 654 1663 tam
677 1598 708 1663 in
731 1599 824 1665 rebus
848 1616 940 1684 quern
962 1599 994 1663 in
1017 1597 1119 1664 sabb
1139 1597 1214 1663 sitas
1232 1594 1324 1661 etad
1343 1612 1419 1657 eon·

201 1684 348 1762 linnanda
372 1696 419 1763 rel
441 1696 628 1765 defendenda
650 1720 687 1765 ea
708 1720 788 1786 quae
811 1698 844 1765 in
865 1701 1028 1767 rerbomm
1052 1708 1229 1766 cosmatum
1253 1718 1271 1761 a
1294 1716 1346 1760 me
1369 1715 1418 1758 es-

202 1805 269 1862 sent
293 1798 396 1863 ascita.
440 1798 491 1863 Ad
516 1800 597 1884 leges
623 1801 834 1884 grammaticas
855 1802 939 1886 quod
959 1802 1082 1880 anne,
1113 1800 1187 1867 satis
1207 1797 1301 1864 habui
1322 1796 1420 1861 citare

201 1919 254 1963 eos
271 1899 355 1963 locos
376 1900 408 1962 in
426 1898 539 1983 quibus
554 1899 669 1985 aliquid
687 1900 840 1984 singulare
860 1900 1026 1985 legeretur:
1055 1902 1095 1966 de
1116 1898 1272 1984 scriptoris
1290 1917 1352 1961 usu
1371 1895 1419 1961 di·

200 1999 289 2065 cendi
309 2000 357 2085 egi
374 2008 530 2085 praetcrea
550 1999 582 2065 ia
601 2000 838 2086 prolegomenis,
858 2022 924 2088 cap.
943 2002 1003 2067 ΠΙ.
1045 2001 1222 2086 largiorem
1243 1996 1418 2063 adnotatio-

200 2122 269 2167 nem
287 2101 400 2167 addam
421 2101 519 2179 nebu,
538 2123 577 2169 ne
594 2102 686 2167 nimis
707 2103 923 2169 mundaretur
937 2102 1093 2182 volumen,
1114 2122 1192 2168 nere
1211 2099 1302 2166 nimis
1321 2118 1417 2183 ruge-

199 2212 285 2269 ratrrr
317 2204 447 2289 pretium
478 2202 569 2269 buius
598 2204 742 2271 editionis
776 2225 868 2291 quarn
903 2204 1061 2270 murinum
1092 2202 1284 2289 antiquitatis
1313 2200 1416 2265 studia

199 2306 404 2371 exercentium
419 2305 559 2371 manibus
569 2306 676 2372 vellem
691 2327 791 2393 usqne
800 2306 927 2373 amari:
941 2307 1043 2385 acesi
1053 2306 1227 2382 voluissem,
1235 2303 1415 2390 pombsern

198 2406 274 2475 Nam
297 2408 565 2485 commentarium,
596 2428 688 2495 quem
712 2409 833 2486 dicunt,
863 2409 1102 2496 perpetuamin
1117 2407 1310 2473 Macrobiurrr
1328 2424 1415 2469 com·

198 2529 312 2595 ponere
340 2510 366 2574 is
395 2518 513 2575 tantmn
545 2518 660 2596 potest,
693 2511 744 2577 cui
772 2519 806 2577 et
829 2511 913 2577 varia
936 2511 1070 2577 erudia‘o
1095 2520 1189 2596 atque
1213 2506 1353 2574 doctrina
1383 2512 1416 2570 et

197 2632 307 2695 magna
332 2604 482 2676 libiorum
514 2619 656 2697 suppetat
687 2612 785 2697 eopia
829 2612 1002 2698 Utrumque
1031 2634 1082 2679 rne
1113 2611 1244 2677 deiicere
1273 2628 1338 2673 non
1366 2613 1416 2671 est

197 2711 282 2797 quod
305 2709 467 2790 elimam,
498 2731 683 2797 quamqrram
706 2713 873 2778 vicinarum
894 2713 1147 2779 bibliothecarum
1170 2708 1329 2797 praelectis
1348 2728 1415 2773 ma·

196 2812 295 2878 rimae
316 2812 390 2878 milri
409 2812 545 2898 agendae
565 2820 637 2878 sunt
659 2812 787 2897 gratiae,
815 2814 899 2898 quod
917 2813 1069 2897 grudquid
1089 2812 1237 2877 libroru-
1256 2833 1275 2876 a
1293 2830 1344 2875 me
1365 2829 1415 2875 re·

197 2916 379 3003 quisitcrnm
403 2914 569 2991 habebant,
599 2932 719 2979 summa
743 2934 813 2979 eum
837 2912 1016 2979 iiberalitate
1037 2912 1111 2977 mibi
1133 2910 1415 2996 mppeditaremnt

197 3016 438 3083 Satumaliorum
454 3037 527 3082 rero
547 3016 615 3080 libri
638 3014 871 3102 aliquotpaulo
889 3014 1063 3080 uberiorem
1081 3012 1219 3099 flagitant
1239 3013 1415 3079 adomm-

93 3164 97 3173 -
195 3138 276 3183 amn.
319 3118 357 3181 ln
377 3117 611 3183 Commentariis
626 3118 665 3182 ad
685 3118 845 3183 Somnium
867 3115 1020 3201 Scipionis
1044 3114 1152 3180 indea
1175 3114 1244 3181 libri
1262 3115 1288 3179 1.
1311 3115 1415 3199 eapite

196 3220 248 3285 21.
270 3239 320 3284 me
341 3218 529 3283 adnotationi
551 3217 650 3303 primo
669 3218 860 3304 conscriptae
880 3216 1026 3282 nonnulla
1047 3215 1200 3283 addidisse
1216 3236 1307 3302 supra
1326 3238 1413 3281 com·

196 3320 370 3385 memorari.
416 3319 506 3398 Quae
529 3320 893 3385 antecedentibuscrant
917 3318 1057 3384 addenda
1077 3340 1147 3384 enm
1168 3317 1235 3383 aliis
1257 3318 1413 3383 nonnullis

195 3422 267 3487 lrrric
292 3420 438 3486 volumini
463 3420 588 3485 subieci.
630 3422 804 3486 Excursum
830 3420 870 3486 ad
895 3420 1192 3487 Commentariorum
1216 3420 1284 3486 libri
1310 3421 1335 3485 l.
1360 3441 1412 3485 ca·

195 3531 251 3609 put
272 3522 324 3587 20.
346 3521 418 3587 brrio
444 3522 529 3607 operi
549 3522 670 3587 subdidi
690 3522 817 3588 adiectis
837 3522 987 3608 excerptis
1009 3522 1067 3588 illis
1089 3521 1311 3587 mathematicis
1330 3542 1413 3607 guae

194 3625 256 3689 lec.
274 3622 448 3689 Gronovius
470 3623 599 3689 inseruit
618 3623 808 3710 pmelatiorri‚
825 3624 1052 3691 1.C.Zeunius
1070 3622 1260 3689 adaptationi
1281 3623 1321 3689 ad
1340 3623 1413 3690 libri

193 3728 234 3791 ll.
253 3731 346 3812 caput
364 3724 394 3789 5.
740 3732 745 3745 '

279 3928 316 3992 ln
342 3926 606 4011 prolegomenis
636 3926 769 4011 primum
796 3929 871 4013 (cap.
898 3927 933 4013 1.)
959 3933 1138 4011 persecutus
1163 3947 1231 3991 sum
1257 3925 1412 4011 quidquid

192 4026 286 4093 habui
309 4026 497 4112 exploratum
523 4027 562 4092 de
584 4028 744 4093 Macrobio
773 4029 854 4115 ipso:
885 4028 996 4093 deinde
1025 4029 1100 4113 (cap.
1125 4028 1177 4113 ΙΙ.)
1210 4026 1340 4093 disserui
1370 4028 1412 4093 de

192 4128 258 4194 eius
279 4127 423 4213 operibus
443 4137 536 4214 atque
557 4128 719 4195 decorum
739 4130 970 4216 compositione,
990 4138 1028 4193 ut
1048 4137 1080 4193 ct
1100 4126 1266 4194 refellerem
1288 4128 1410 4213 opinio-

192 4250 261 4295 nem
284 4248 390 4293 eorum
412 4229 466 4314 qui
487 4230 586 4295 varias
606 4238 700 4315 atque
720 4230 854 4296 diversas
877 4250 927 4295 res
947 4237 1091 4315 putarent
1114 4229 1199 4295 nullo
1224 4230 1352 4295 consilio
1376 4230 1410 4295 in

191 4353 227 4397 ea
247 4352 314 4421 esse
332 4338 500 4415 congestas,
522 4338 553 4397 et
573 4331 758 4416 gratificarer
777 4331 814 4396 iis
832 4331 885 4416 qui
904 4330 979 4416 quid
1001 4329 1031 4394 in
1053 4330 1090 4395 iis
1111 4330 1224 4396 inesset
1242 4330 1333 4409 scire,
1354 4354 1409 4397 ne-

192 4452 252 4519 que
273 4440 375 4498 tamen
394 4432 548 4518 perlegere
570 4432 679 4498 vellent
698 4440 776 4498 tota:
805 4440 871 4498 tum
895 4432 970 4519 (cap.
993 4432 1061 4519 ΙΙΙ.)
1083 4432 1132 4517 egi
1154 4430 1193 4497 de
1213 4453 1354 4499 sermone
1375 4443 1411 4500 et
