2942 4859
175 97 240 164 260
436 143 439 148 ,
661 88 871 158 Macuoun
961 129 965 135 ·
1016 95 1020 100 “

184 268 265 346 ΨΩ,
283 261 407 348 ἔπεμψα
424 258 550 346 πέμψω.
593 260 677 346 Ergo
696 256 841 344 λάλησον
861 253 988 344 apciton
1007 253 1138 341 πέμψον
1155 257 1361 343 adsignantur

132 352 272 424 ibsimul
298 350 423 435 utrique
446 346 593 434 tempori,
625 347 697 433 quia
722 347 886 430 utriusque
910 345 996 429 signa
1016 344 1238 409 demonstrant
1280 347 1362 409 Ter-

182 440 224 504 tia
252 458 325 502 vero
353 455 484 520 persona
512 433 609 516 onogia
636 433 786 497 aoristum
818 430 942 516 respicit
967 451 1061 515 quam
1091 430 1246 496 futurum:
1285 429 1363 495 lacit

181 524 263 590 enim
289 517 457 603 λαλησάτω
479 513 633 603 opattam
652 514 826 600 πεμψάτω,
847 537 917 581 curn
939 519 1004 578 ΣΑ
1027 515 1091 586 ,ΞΑ
1115 519 1181 579 ΨΑ
1200 519 1362 601 poposci]-

182 631 234 695 ρες
257 608 319 672 sint
339 601 505 690 ἀορίστου.
549 601 634 668 ldem
656 612 747 668 sonat
768 611 800 667 et
822 601 939 686 plurale
959 597 1131 684 ποιήσαπεε
1156 603 1245 667 cuius
1266 604 1362 667 tertia

183 715 313 780 persona
335 712 442 756 rursus
463 711 533 756 cum
557 689 766 754 additamento
788 688 897 752 tertiae
925 687 1090 771 singularis
1112 686 1245 753 efficitur
1265 706 1360 770 ποιη-

134 776 343 848 14σοὲιωσαν.
388 778 429 840 Et
454 783 491 840 ut
510 774 570 839 boc
600 775 681 841 idom
709 782 848 858 tempus,
889 771 988 838 idest
1013 771 1152 838 futurum
1175 773 1363 858 imperativi,

184 865 338 952 passivum
362 861 432 936 siat,
475 859 608 928 sumitur
630 860 763 926 aoristus
784 857 914 933 infiniti,
954 864 987 922 et
1007 857 1090 922 nulla
1112 859 1240 924 omnino
1268 859 1363 924 litera

184 958 300 1015 munta
337 955 521 1032 tantumque
557 955 685 1012 accentu
719 964 841 1010 sursum
872 943 910 1008 ad
944 943 1179 1030 praecedentem
1210 943 1361 1030 syllabam

182 1043 280 1100 tracto
303 1033 440 1098 loturum
463 1032 678 1119 imperativum
704 1029 859 1116 passivum
882 1028 930 1103 lit,
963 1031 1098 1113 ποιῆσαι
1119 1029 1271 1112 ποίησαι,
1302 1035 1361 1094 λα-

184 1123 279 1204 λῆσαι
308 1115 464 1200 attonat.-
504 1117 591 1182 ouius
618 1117 708 1181 tertia
735 1134 867 1201 persona
888 1114 923 1178 lit
944 1112 983 1178 de
1006 1115 1098 1180 tertia
1120 1115 1211 1180 activi
1238 1125 1363 1181 mutato

191 1206 270 1269 Tin
294 1206 374 1281 ΣΘ,
411 1199 575 1286 ποιήσαεω
595 1197 806 1285 ποιησάσθω,
847 1199 927 1266 sicut
954 1208 987 1264 et
1010 1205 1130 1267 ποιεῖτε
1149 1206 1298 1266 ποιεῖσθε
1325 1211 1362 1266 et

186 1286 339 1373 ποιήσατε
362 1283 551 1370 ποιήσασθε.

508 1374 606 1438 xvll.
648 1373 697 1437 De
717 1370 913 1436 coniunctivo
935 1370 1037 1436 modo.

273 1458 475 1524 Coniunctiva
495 1459 691 1535 Latinorum,
724 1478 804 1543 quae
822 1450 1023 1522 ὑποιαιιιιιιὰ
1044 1455 1250 1535 Graecorum,
1286 1477 1360 1523 cau-

186 1567 251 1610 sam
275 1545 413 1610 vocabuli
437 1565 474 1609 ex
495 1565 557 1610 una
578 1544 749 1628 cademque
768 1542 887 1627 origine
908 1544 1090 1607 sortiuntur.
1133 1543 1212 1608 Nam
1233 1563 1272 1608 es
1291 1543 1359 1608 sola

185 1630 402 1696 coniunctione
427 1651 506 1715 quae
535 1627 563 1694 ei
594 1629 702 1694 accidit
730 1619 943 1694 doniunctivus
969 1627 1080 1692 modus
1099 1628 1272 1713 appellatus
1293 1638 1358 1693 eat:

186 1717 270 1782 uode
300 1723 332 1780 et
351 1715 458 1780 Graeci
486 1709 704 1780 ὑποτακτικὸν
731 1707 788 1777 διὰ
813 1714 872 1778 τοῦ
891 1706 1110 1797 ὑποτετάχθαι
1137 1715 1361 1780 vocitaverunt.

158 1801 279 1888 ‘ldpud
303 1822 381 1887 quos
404 1800 463 1866 boc
485 1801 577 1867 babet
599 1798 798 1886 praecipuum
822 1798 872 1864 bic
891 1799 1017 1875 modus,
1058 1799 1149 1884 quod.
1165 1821 1259 1865 omne
1279 1809 1360 1864 tem-

189 1908 246 1974 pus
267 1888 334 1952 cius
357 1887 489 1952 activum
512 1887 642 1972 primam
663 1904 826 1971 personam
847 1885 1034 1969 singularem
1055 1884 1088 1949 in
1108 1886 1143 1948 Ω
1161 1885 1273 1962 mittit,
1299 1879 1361 1948 ἐὰν

75 2002 81 2016 ¹
188 1973 272 2037 ποιῶ
294 1969 354 2035 ἐὰν
373 1967 537 2055 πεποιήκοι
560 1968 618 2036 ἐὰν
638 1966 779 2054 ποιήσω,
822 1969 900 2035 adeo
922 1979 959 2034 ut
979 1979 1012 2036 et
1030 1969 1083 2035 illa
1108 1971 1200 2036 verba
1221 1990 1302 2056 quae
1324 1971 1359 2034 in

190 2060 254 2120 MI
270 2065 393 2134 exeunt,
414 2077 483 2121 cum
506 2057 543 2122 ad
565 2057 648 2122 bunc
670 2054 795 2121 modum
817 2056 967 2132 venerint,
988 2055 1116 2120 redeant
1137 2055 1175 2120 ad
1196 2055 1246 2120 illa
1269 2056 1301 2120 in
1321 2057 1360 2119 Ωι

189 2141 360 2206 desinentia
384 2141 422 2204 de
443 2141 556 2225 quibus
578 2141 713 2205 derivata
737 2146 826 2216 suot,
865 2142 950 2204 redd
971 2141 1088 2224 τίθημι
1108 2149 1141 2206 et
1159 2142 1191 2205 io
1212 2141 1360 2206 coniunc-

161 2227 252 2296 3tivo
275 2219 333 2288 ἐὰν
354 2227 455 2305 τιθῶ,
479 2225 552 2292 ibam
575 2225 656 2290 dodoi
677 2225 797 2307 δίδωμι
818 2219 876 2289 ἐὰν
897 2225 987 2290 διδῶ.
1028 2220 1241 2291 ‘montani
1262 2226 1361 2292 Grae·

139 2327 317 2398 [saeuorum
340 2310 469 2396 syllabas
493 2333 573 2397 quae
595 2311 626 2376 in
648 2310 715 2376 aliis
738 2310 837 2374 modis
856 2312 964 2377 breves
983 2312 1109 2379 luerunt
1131 2312 1161 2376 in
1183 2333 1238 2378 sua
1264 2312 1362 2378 decli·

190 2397 314 2464 natione
336 2396 525 2482 producunt,
561 2392 704 2480 λέγομενΙ
717 2391 775 2470 ἐὰν,
793 2393 955 2480 stram.-
992 2397 1047 2462 sed
1067 2406 1099 2463 ct
1120 2400 1176 2462 ΕΙ
1193 2397 1362 2484 dipbtbon·

189 2505 262 2568 gum
284 2484 317 2547 in
335 2471 397 2565 ἦτα
417 2491 551 2561 mutant,
574 2479 658 2582 tipo
677 2478 794 2565 λέγεις,
816 2477 874 2546 ἐὰν
893 2478 977 2564 λέγω
1000 2478 1058 2548 ἐὰν
1077 2478 1182 2566 λέγοις.
1223 2485 1266 2549 Et
1284 2484 1362 2583 quia

189 2579 298 2634 natura
321 2569 484 2638 verborum
507 2589 646 2634 omnium
668 2568 750 2654 apud
772 2568 906 2633 Graecos
933 2567 1009 2633 haec
1029 2576 1091 2646 est,
1130 2579 1167 2634 ut
1191 2590 1230 2634 ex
1258 2590 1361 2655 prima

189 2673 321 2739 persona
343 2654 374 2716 in
398 2655 432 2716 Ω
454 2655 632 2719 exeuntium
660 2653 793 2719 secunda
815 2653 847 2718 in
869 2653 945 2718 duas
971 2654 1090 2719 vocales
1114 2654 1249 2733 desinat,
1288 2655 1361 2720 ideo

190 2739 294 2804 ΕΑΝ
314 2740 498 2805 ΛΕΓΗΙΣ
524 2761 594 2804 cum
616 2739 788 2824 [ascripto
816 2747 886 2824 post
906 2739 947 2802 H
963 2739 1133 2824 profertur,
1167 2749 1203 2805 ut
1228 2740 1363 2808 duarum

256 2857 310 2908 llis.
327 2857 375 2920 R]

189 2945 229 2994 ln.
265 2943 430 3011 assignatur
445 2941 547 2994 EdrlJ‘.
568 2972 599 2984 —
619 2943 699 3012 qnod
716 2943 854 3011 utrimque
875 2941 946 2993 ult.
1079 2946 1120 2995 1³.
1157 2943 1363 2996 KAPAKTH-

194 3009 345 3139 PE{llll,
367 3079 391 3128 3.
426 3079 484 3130 iden
504 3073 553 3130 ἐὰν
571 3073 658 3144 λέγηις
681 3077 751 3131 aad.

188 3179 289 3230 relorri
313 3180 348 3230 ad
377 3180 469 3245 privis,
504 3182 572 3233 illurl
597 3183 630 3233 ad
655 3187 748 3248 poste·
833 3183 859 3229 l.
898 3181 1082 3248 Coniunctiun]
1117 3199 1158 3234 aa.
1186 3181 1280 3235 verba.
1316 3180 1361 3233 (li.

189 3247 248 3297 rina
267 3245 482 3299 substantivum.
799 3265 824 3298 c.
846 3251 886 3301 ta.
907 3249 919 3314 5
937 3253 962 3299 8.
981 3268 1060 3302 omne
1078 3251 1240 3318 optativam.

224 3317 264 3364 1³.
301 3315 474 3381 ldemaonnt]
493 3315 511 3365 l.
528 3333 553 3364 e.
570 3313 749 3382 „rongiaao-
833 3317 989 3386 sortiantur]
1016 3317 1058 3368 Gi.
1086 3319 1175 3384 praei.
1211 3319 1252 3368 De
1279 3317 1360 3369 verb.

188 3381 287 3433 alatum
308 3381 423 3448 respicit
442 3399 523 3448 quum
544 3383 699 3446 iuturum“,
717 3391 750 3434 ut
799 3383 818 3432 l.
846 3400 869 3433 c.
898 3383 1006 3451 legitur
1033 3394 1179 3438 traxerunt.
1219 3386 1361 3438 Priscian.

188 3465 273 3516 supra
291 3449 404 3501 dicitur.
799 3451 818 3500 l.
836 3467 860 3501 c.
880 3469 906 3516 p.
923 3457 970 3502 821
992 3453 1027 3504 Pa
1054 3455 1091 3505 Et
1108 3455 1257 3515 aetenum,
1288 3454 1362 3521 qaod

223 3521 264 3570 14.
299 3527 329 3571 nt
353 3553 376 3570 ..
403 3517 537 3586 passivam
560 3516 627 3584 flat]
657 3515 748 3569 Isnmo
799 3520 917 3571 omnibns
947 3521 1032 3573 modia
1058 3523 1123 3574 aliis
1152 3522 1248 3574 sociari
1272 3529 1362 3588 potest

188 3587 322 3638 medinm.
629 3609 632 3615 ’
798 3588 993 3650 audiendiam,
1025 3589 1072 3656 pus*
1090 3607 1146 3641 anan
1164 3591 1292 3641 aduersas
1307 3589 1360 3640 bsa-
1383 3607 1393 3626 ·

221 3659 342 3717 sutorum
379 3653 563 3722 imperativum
595 3651 745 3720 passivum]
797 3655 857 3706 beat
874 3656 897 3705 ai
919 3657 1101 3722 nificotimaes,
1118 3674 1169 3709 aon
1186 3657 1220 3708 nb
1238 3673 1294 3709 nnn
1312 3674 1361 3708 aa·

185 3719 233 3774 Sic
252 3723 365 3789 saepius
381 3739 435 3774 uno
455 3737 520 3773 casu
540 3737 606 3772 nsua
627 3727 670 3771 eat
686 3721 747 3771 lila-
795 3739 852 3773 ram
872 3673 918 3774 aab
934 3741 953 3775 n
970 3726 1218 3778 constructione
1237 3742 1361 3778 nomes

186 3791 313 3853 crebius,
343 3799 372 3842 at
390 3791 533 3841 modorum
554 3804 745 3855 genevamque
796 3791 934 3858 aceepit.

184 3860 297 3910 nomina
316 3875 365 3925 pro
384 3857 534 3910 adiectisia
554 3856 668 3917 babuit,
695 3856 744 3907 sabi
828 3860 852 3907 3.
889 3857 973 3928 BAN
986 3857 1148 3924 ΛΕΓΗῙΣ]
1178 3856 1242 3922 ste,
1272 3863 1305 3908 ut
1329 3858 1361 3909 in

185 3929 328 3991 ponendus
346 3934 407 3978 arat
425 3927 578 3994 genitivus.
614 3923 698 3974 cto.
717 3929 745 3988 9,
795 3925 893 3977 codice
922 3927 1068 3993 leguntur,
1102 3932 1183 3978 erant
1208 3923 1362 3980 scribenda

185 3993 245 4058 il.
269 4011 393 4062 prossus
415 4001 517 4060 lempna
534 4027 560 4044 ..
578 3992 651 4043 morli
671 3992 744 4042 indi·
795 3992 866 4044 baec
890 3995 975 4045 verba
1010 4000 1125 4061 propter
1155 4009 1189 4045 ea
1215 4009 1288 4060 quae
1313 4011 1361 4045 ae-

184 4063 266 4114 antioi
282 4064 387 4130 generis
405 4062 499 4124 actiui,
524 4061 573 4111 aad
592 4060 605 4125 ᾗ
621 4062 646 4109 4·
665 4075 745 4126 proe-
795 4070 929 4126 quantor:
955 4079 1012 4119 anns
1033 4065 1051 4112 Ι
1065 4063 1210 4130 adscripto
1226 4069 1301 4130 post
1320 4062 1360 4128 Η,

183 4144 241 4180 sens
256 4133 409 4197 passivum,
428 4147 450 4180 n.
469 4134 510 4191 lo,
527 4129 540 4196 5
558 4133 581 4178 l.
599 4131 745 4194 perfectum
794 4128 828 4179 nd
847 4145 917 4194 quae
934 4129 1057 4180 Zeuoina
1074 4129 1221 4182 adnotavit
1238 4128 1360 4182 baccea:

180 4199 315 4262 passionen
340 4207 367 4250 et
388 4213 516 4266 praesens
536 4205 637 4262 tempos
653 4197 744 4263 pnaaa'·
794 4197 943 4259 „l'ataaes,
962 4197 988 4248 id
1006 4197 1078 4264 qnod
1099 4198 1253 4249 etiamnum
1272 4197 1301 4248 in
1320 4196 1361 4248 li-

181 4279 252 4314 oum.
793 4263 851 4315 bria
879 4265 993 4330 scriptis
1023 4265 1230 4334 antiquioribus
1259 4264 1361 4318 ridere
1461 4258 1462 4293 l

215 4327 298 4377 xvll.
338 4329 376 4379 Da
394 4327 557 4382 coniunctius
575 4329 671 4396 modo]
697 4329 740 4382 Cl'.
791 4330 868 4392 licet,
887 4332 959 4383 illud
979 4332 1041 4384 lota
1059 4335 1191 4398 otiosum,
1213 4331 1287 4400 qnod
1305 4349 1360 4384 no·

179 4393 214 4445 da
233 4393 309 4444 verb.
331 4410 356 4443 a·
375 4399 400 4446 5.
436 4396 563 4448 Priscian
598 4397 646 4448 lib.
665 4397 748 4463 l'lll„
789 4399 1359 4470 atsihominesrecantanbacriptuas,non

178 4477 239 4528 cap.
259 4459 401 4511 demodis
425 4469 454 4513 at
471 4464 519 4515 lib.
538 4463 643 4528 xvlll,
676 4481 738 4533 cap.
789 4467 881 4519 vocali
898 4468 1123 4533 subscribebant,
1141 4470 1190 4520 aed
1207 4468 1359 4521 adscribe-

178 4527 370 4582 dasublunct-
788 4533 863 4585 bant.
898 4533 957 4587 Nec
988 4543 1081 4589 tannen
1111 4537 1200 4591 nllans
1229 4537 1258 4589 in
1284 4552 1354 4605 pao-
