2942 4859
200 118 244 187 tu
684 114 895 186 munoau

200 286 517 375 rerumpublicarum
541 284 659 354 actibus
682 306 716 353 se
738 292 941 373 sequestrant
982 288 1102 353 flamm
1173 282 1204 350 id
1231 285 1373 371 singulae

201 376 309 453 velint,
336 373 478 459 superius
498 372 722 458 expressimus,
746 393 818 438 oum
837 372 878 438 de
897 372 1065 438 uirtutibus
1085 305 1372 457 phiddaophautium

139 508 142 523 .
170 459 387 535 {idiceremus
415 477 492 543 quas
513 459 593 523 sotus
616 456 742 543 quidem
761 458 1002 523 aestimaverunt
1022 476 1091 522 csse
1111 458 1252 521 virtutes.
1295 458 1372 521 Tar·

199 545 261 611 tiae
280 551 354 611 sunt
371 541 497 629 purgati¹
514 542 574 607 iam
595 540 804 628 defaecatique
820 542 915 609 animi
937 550 969 608 et
987 543 1025 607 ab
1045 541 1130 606 or'nni
1150 540 1259 605 mundi
1277 540 1372 607 huius

200 629 361 716 aspergine
379 648 483 776 presse
500 647 640 714 puraque
660 627 784 693 detersi.
825 628 891 693 ltiic
913 626 1096 714 prudentiae
1115 633 1164 691 eat
1183 625 1286 692 utrina
1306 648 1371 691 non

200 716 288 801 quasi
311 715 342 779 in
364 713 513 778 sectione
535 712 688 799 praeferre
710 713 764 778 sed
785 713 850 778 sola
870 734 970 790 nosse,
989 720 1022 778 et
1041 712 1125 788 haec,
1144 719 1302 797 tamquam
1322 712 1371 776 ni·

200 799 242 865 hii
267 800 307 864 sit
327 797 426 875 aliud,
455 797 584 863 intueri:
619 798 841 883 temperantiae
865 807 1004 864 terrenas
1029 797 1212 882 cupiditates
1234 818 1298 861 non
1320 818 1370 862 re·

198 885 331 971 primerc
350 883 403 949 aed
423 883 546 969 penitus
568 884 720 950 oblivisci:
747 884 935 950 tortitudinis
954 882 1111 969 passiones
1128 882 1285 967 ignorare,
1305 903 1371 947 non

198 969 336 1048 vincare,
366 976 402 1034 ut
421 970 534 1034 annot
553 971 661 1046 irasci,
693 971 797 1055 capiat
813 970 910 1035 naid:
948 967 1082 1033 iustitiae
1106 968 1149 1032 ita
1166 987 1238 1032 oum
1258 988 1371 1066 supera

198 1062 230 1119 et
251 1054 353 1122 divina
375 1063 479 1119 monte
500 1054 618 1134 sociari,
640 1062 675 1120 ut
695 1064 797 1119 servet
815 1062 997 1140 perpetuum
1020 1073 1090 1119 curn
1113 1074 1149 1117 ea
1171 1052 1279 1119 iocdua
1299 1053 1368 1117 rmi-

148 1137 301 1213 lOtando.
361 1139 498 1217 Quartae
525 1149 612 1217 sunt,
656 1159 735 1239 quae
762 1139 794 1204 in
823 1140 887 1225 ipsa
919 1140 1021 1205 divina
1055 1146 1158 1203 meato
1184 1138 1368 1217 consistunt,

197 1245 291 1311 quarn
312 1224 446 1290 diximus
469 1226 552 1289 νοῦν
573 1242 688 1291 vocari:
728 1246 900 1310 aquarum
926 1224 1068 1310 exempto
1093 1224 1231 1311 reliquae
1258 1244 1368 1289 omnes

145 1318 258 1396 [smper
276 1310 415 1376 ordinem
436 1310 583 1377 defluunt.
625 1312 705 1377 Nam
726 1310 752 1375 si
774 1330 878 1376 rerum
899 1310 1044 1387 aliarum,
1068 1308 1168 1375 mutto
1189 1309 1285 1393 magis
1305 1309 1367 1375 uir·

198 1402 301 1461 tutum
327 1394 410 1460 ideas
437 1416 504 1461 esse
527 1396 560 1460 in
585 1405 689 1461 mente
718 1394 905 1460 eredendum
934 1402 991 1461 est.
1037 1395 1105 1459 litio
1131 1394 1295 1481 prudentia
1318 1400 1369 1459 est

199 1498 287 1545 mem
308 1479 373 1565 ipsa
395 1479 513 1548 diuina:
549 1480 770 1568 temperantia,
801 1479 885 1566 quod
912 1480 945 1545 in
966 1500 1000 1545 sc
1019 1489 1168 1565 perpetua
1195 1479 1368 1545 intentione

198 1584 345 1631 conversa
366 1574 426 1631 ast:
445 1564 604 1645 fortitudo,
625 1565 707 1653 quod
725 1586 848 1651 semper
866 1566 947 1631 idern
966 1573 1013 1630 est
1033 1584 1091 1629 nec
1111 1564 1277 1650 aliquando
1298 1585 1367 1630 mu-

197 1657 296 1716 tatur:
331 1650 462 1729 iustitia,
490 1650 572 1737 quod
592 1651 720 1737 perenni
741 1650 847 1735 iegea
872 1652 1057 1736 sempiterna
1077 1650 1181 1736 operis
1202 1649 1250 1715 sui
1268 1651 1367 1715 conti-

149 1734 186 1800 11
199 1736 347 1801 nuatione
369 1756 431 1801 non
454 1736 595 1801 flectitur.
638 1738 722 1802 Haeo
742 1743 815 1801 sunt
841 1745 1061 1835 quaternarum
1087 1742 1234 1833 quattuor
1251 1755 1368 1884 ponera

198 1820 363 1894 virtutum,
400 1842 479 1906 quae
504 1828 628 1906 praeter
653 1829 755 1886 cetera
782 1842 947 1887 marrmam
975 1820 1007 1885 iu
1030 1820 1223 1905 passionibus
1272 1820 1368 1886 abent

196 1903 400 2055 lqiti‘erentiam
425 1905 482 1970 sui.
524 1904 687 1971 Passiones
708 1912 829 1985 autem,
862 1915 899 1972 ut
924 1907 1053 1985 seimus,
1088 1914 1250 1985 vocantur,
1280 1907 1367 1993 quod

219 2008 338 2054 ommes

280 2110 324 2121 -
342 2083 476 2139 metuunt
495 2075 689 2162 cupiuntque,
713 2074 812 2141 dolend
829 2078 1023 2164 pendeatque.

196 2158 260 2224 Has
279 2159 397 2244 primae
417 2160 573 2237 molliunt,
594 2160 747 2227 secundae
766 2161 924 2240 auferunt,
943 2162 1053 2227 tertiae
1074 2160 1312 2240 obliviscuntur,
1330 2162 1366 2229 irs

146 2244 186 2310 12
196 2244 315 2329 quartis
338 2244 423 2310 nefas
445 2254 492 2311 est
513 2245 675 2331 nominari.
725 2245 758 2311 Si
780 2266 854 2331 ergo
880 2247 939 2313 hoe
957 2254 1006 2312 est
1026 2246 1162 2312 odicium
1183 2255 1216 2312 et
1236 2248 1365 2313 effectus

195 2330 361 2408 virtutum,
386 2330 493 2408 beare,
520 2337 641 2396 constat
662 2338 765 2396 autem
787 2340 819 2397 et
839 2332 977 2417 politicas
1003 2353 1071 2397 esse
1091 2332 1234 2398 virtutes:
1269 2333 1366 2417 igitur

195 2422 227 2481 et
248 2414 378 2500 poiiticis
396 2414 572 2481 officiuntur
592 2415 681 2481 beati.
724 2418 796 2481 lure
814 2438 888 2503 ergo
906 2418 1026 2483 Tullius
1044 2418 1083 2483 de
1104 2438 1208 2483 rerum
1229 2416 1365 2502 publica·

195 2520 265 2567 rum
283 2500 455 2566 rectoribus
475 2500 567 2566 dixit:
592 2501 648 2566 udi
666 2502 745 2567 beuti
762 2524 834 2567 ceco
853 2506 1029 2600 sesnpsiemo
1048 2506 1212 2588 smmum:
1236 2503 1307 2587 qui,
1327 2512 1365 2569 ut

196 2585 372 2651 ostenderet
388 2586 464 2651 aiios
482 2586 589 2651 otiosis
609 2585 685 2651 alios
706 2587 873 2686 negotiosis
891 2589 1058 2654 virtutibus
1076 2588 1143 2653 iieri
1164 2588 1281 2665 beatos,
1299 2609 1364 2655 non

196 2668 274 2733 dixit
295 2670 434 2735 absolute
457 2670 531 2735 nihii
556 2692 622 2737 esse
646 2672 688 2736 iiii
710 2672 840 2759 prrneipi
863 2672 921 2738 deo
942 2672 1110 2761 acceptius,
1143 2693 1237 2758 quam
1258 2674 1363 2739 civita-

194 2760 258 2830 tes,
289 2754 342 2820 sed
363 2754 488 2821 adiecit:
522 2756 602 2844 quod
620 2756 739 2843 quidem
757 2759 792 2823 ic
811 2759 900 2823 terrai
918 2759 988 2845 fiat,
1019 2768 1055 2824 ut
1075 2780 1130 2823 eos
1151 2758 1205 2843 qui
1227 2760 1266 2824 ab
1288 2758 1364 2845 ipsis

193 2840 375 2906 caelestibus
407 2840 559 2926 incipiunt
581 2840 769 2907 discerneret
795 2862 814 2907 a
840 2844 1011 2909 rectoribus
1040 2843 1213 2918 ciuitatum,
1248 2844 1364 2929 quibus

145 2922 184 2989 13
194 2945 250 3011 per
267 2933 408 2991 mmanos
426 2935 512 2992 actus
530 2926 590 2991 iter
611 2934 738 3013 paratur
756 2927 794 2992 ad
815 2929 944 2994 caelum.
986 2928 1041 2994 ltia
1060 2938 1163 2993 autem
1182 2926 1364 2995 definitione

240 3010 270 3074 id
298 3010 433 3096 pressius
462 3019 564 3098 potest
591 3032 673 3090 esse,
714 3012 789 3097 quid
816 3012 937 3079 cautius
963 3013 1152 3079 denomino
1181 3012 1363 3080 ciuitatum?

265 3116 296 3159 m
316 3096 456 3173 condio,
477 3096 591 3182 inquit,
619 3108 772 3185 coetusque
791 3098 946 3164 dominicas
965 3099 1033 3166 iure
1050 3100 1170 3177 semoti,
1190 3121 1266 3187 quoe
1288 3101 1363 3167 cici·

259 3226 328 3279 Mas.
350 3226 616 3293 ursimannus

190 3327 250 3365 susa
271 3312 344 3380 pact.
368 3315 470 3366 uetitus
495 3314 527 3367 lt.
569 3332 619 3368 rar.
636 3318 710 3386 parii·
733 3316 837 3371 nudas
857 3322 926 3379 (om.
946 3323 978 3380 u)
1000 3318 1051 3371 na.
1079 3347 1115 3359 -
1144 3320 1277 3389 superias]
1301 3320 1361 3389 Μ.

191 3378 422 3434 existimauerunt
437 3381 602 3435 causum.
753 3389 779 3436 e.
814 3386 985 3453 aspersione
1001 3387 1052 3440 111.
1068 3414 1102 3425 -
1121 3389 1256 3454 depressi
1274 3390 1306 3441 Ρ.
1324 3416 1362 3429 -

190 3448 313 3500 electione
330 3448 398 3515 (om.
417 3450 458 3515 in)
479 3448 508 3500 u.
527 3476 560 3487 -
577 3466 668 3504 nosos
683 3455 728 3517 ri,
745 3451 793 3504 atsi
809 3452 924 3518 sacpins
942 3469 970 3505 se
987 3454 1093 3521 iegitur
1110 3472 1161 3521 pro
1177 3472 1211 3508 ss.
1226 3484 1262 3498 -
1277 3458 1362 3509 siricii

191 3516 267 3569 ciiud
283 3518 317 3568 ait
338 3518 390 3569 ttt.
414 3542 446 3557 -
469 3535 521 3570 non
539 3520 675 3585 reperire
697 3520 730 3572 G.
748 3547 782 3559 -
803 3520 913 3589 scariot]
939 3522 1064 3574 lurensi.
1085 3522 1124 3589 X,
1148 3526 1208 3575 330.
1226 3551 1262 3563 -
1279 3525 1362 3577 irasci

190 3584 290 3636 nesciat
308 3584 356 3636 Ra.
376 3612 409 3624 —
426 3586 584 3667 capiqtque
599 3587 682 3669 nichil
698 3588 750 3639 Rs.
765 3614 798 3626 -
815 3604 938 3655 superno
955 3587 1009 3656 t-p.
1162 3594 1204 3642 10.
1241 3592 1362 3657 Quartae

190 3652 474 3787 is‘tttitifttt?
486 3652 903 3791 issha‘isf'lmiiin'niiiii
918 3656 1118 3788 &iiiiii
1132 3662 1204 3786 iii.
1220 3659 1360 3793 ,33⁰5de

189 3791 262 3847 nens)
284 3786 335 3838 Rl.
357 3813 390 3825 —
413 3787 619 3842 natinatores.
778 3792 818 3840 tr.
857 3790 901 3840 sui
923 3792 1099 3859 differentiora
1122 3790 1153 3847 F.
1175 3819 1208 3830 -
1227 3794 1359 3865 manunt]

189 3852 268 3935 virg.
286 3854 352 3907 Aen.
371 3856 416 3921 Vi,
433 3860 493 3907 733.
510 3884 545 3894 -
558 3856 718 3923 cupiuntque
735 3856 824 3908 dotent
842 3860 1014 3927 gaudentque
1030 3858 1246 3929 miliana-gii
1263 3860 1360 3925 „tiber

89 3953 94 3961 ·
190 3922 424 3987 sntrquiasinaus“
444 3924 530 3975 Grnn.
550 3921 653 3974 Binda.
694 3925 802 3992 cupiunt
820 3923 958 3993 doleatque
974 3928 1146 3995 gaudentque
1162 3926 1194 3979 Γ.
1232 3931 1360 3995 cupiunt·

190 4006 241 4055 quc
257 3990 397 4059 dolentque
413 3992 584 4061 gaudentque
602 3989 694 4042 Burs.
732 4009 763 4043 ea
783 3992 840 4044 iant
854 3995 1025 4062 gaudentque
1043 3996 1182 4061 dotentquc
1201 3996 1324 4047 s·isi’ti2

295 4060 335 4109 12
370 4060 451 4111 iacti
471 4058 506 4113 G.
530 4086 557 4096 -
582 4056 736 4126 ctpoiiticis
758 4009 947 4113 dFiitGle.
999 4070 1027 4115 ct
1043 4062 1081 4113 de
1096 4062 1213 4129 politicis
1234 4063 1359 4119 Bra-112

190 4137 228 4173 cs·
242 4124 359 4190 politicis
376 4126 472 4179 i-isSP.
491 4154 522 4164 -
541 4142 605 4193 ergo
623 4133 653 4177 et
675 4126 779 4178 diritius
796 4126 873 4179 RQG.
890 4158 925 4168 —
945 4131 1100 4197 serpiterna
1118 4146 1184 4181 ceco
1200 4130 1233 4182 Γ.
1250 4157 1283 4170 -
1302 4148 1360 4185 essa

190 4188 306 4244 inundes
321 4193 364 4253 (in
382 4211 439 4261 ang.
448 4196 515 4260 fieri
532 4194 635 4252 doctor)
653 4190 685 4244 F.
703 4221 740 4233 -
757 4195 826 4246 aiiii
842 4196 884 4247 iiii
899 4202 968 4258 (orn.
986 4203 1054 4259 esse)
1071 4196 1103 4247 F.
1127 4225 1152 4234 -
1177 4198 1211 4249 iss
1227 4198 1309 4251 cciass
1324 4200 1358 4252 F.

292 4262 335 4310 1³.
370 4262 545 4327 diffinitione
562 4259 682 4311 mrsu.
702 4288 729 4298 -
745 4261 839 4329 'inquit
854 4278 909 4315 cru.
928 4264 980 4315 m.
998 4292 1031 4303 ·-
1053 4265 1174 4318 civitates
1189 4271 1258 4327 (om.
1274 4274 1358 4335 pace)

189 4370 248 4439 μ.
270 4377 295 4424 et
316 4388 416 4425 amnem
437 4376 542 4426 animae
563 4374 748 4444 cogitatio-
798 4374 900 4427 ccciasaa
916 4376 1030 4445 oidctm,
1045 4380 1114 4448 qnod
1129 4396 1160 4430 se
1191 4386 1250 4433 scta
1264 4388 1291 4434 et
1306 4398 1359 4434 ca-

187 4440 378 4493 sscsnioscia
391 4440 484 4492 diuina
500 4442 626 4523 diripera,
644 4448 672 4493 at
687 4456 749 4507 cap.
799 4442 1032 4562 pitatiasiias
1063 4450 1155 4519 possid
1275 4448 1357 4506 ussa.

190 4522 262 4576 saep,
290 4506 355 4575 §80
379 4522 428 4561 sco
454 4508 599 4562 ducrum
624 4524 750 4578 unqua·
819 4510 920 4575 ,6,4.
