2942 4859
305 143 444 214 touls
463 147 509 217 IN
530 147 658 219 SOMN.
677 147 777 219 scu.
816 150 896 217 ΠΒ.
916 152 941 217 l.
984 150 1074 219 CAP.
1097 153 1149 220 Vl.
1265 152 1309 222 tt

133 311 272 400 physicis
290 314 428 382 creditur
447 326 529 384 mets
551 318 690 399 risendi,
722 319 834 386 etheo
854 322 936 387 vitae
962 320 1116 387 humanae
1137 321 1307 407 perlectum
1337 324 1339 327 ’
1452 330 1453 333 ’

100 437 109 446 ·
133 400 270 483 spatium
289 401 485 468 terminatur.
529 402 622 481 Quod
644 406 671 469 si
691 405 761 491 quis
779 408 952 483 excesserit,
969 407 1008 471 ab
1026 406 1110 471 omni
1129 406 1232 472 cilicio
1254 428 1306 473 va·

132 504 212 549 cuus
233 484 290 549 soli
312 487 461 551 exercitio
482 488 651 573 sapientiae
670 498 773 567 vacat,
799 499 831 556 et
851 511 975 556 omnem
997 512 1088 557 usum
1107 492 1158 557 sui
1180 491 1213 555 in
1235 510 1305 557 sua·

115 568 235 638 dendo
254 567 363 647 babet,
383 572 515 637 aliorum
537 594 702 640 munerum
724 576 882 641 vacatione
905 577 1105 641 reverendus:
1134 597 1152 641 e
1174 576 1304 660 septima

131 654 216 718 enim
239 675 339 740 usque
360 656 399 721 ad
420 656 570 722 decimam
599 661 803 743 septimanam
825 680 881 745 pro
903 668 994 746 captu
1014 661 1125 727 virium
1146 682 1226 747 quae
1250 660 1305 725 ad·
1374 682 1375 687 ¹

130 738 193 803 huc
212 740 342 825 singuiis
361 751 559 826 perseverant
584 745 744 810 variantur
766 744 875 809 officia.
928 746 1013 810 ldem
1035 767 1183 811 numerus
1207 739 1354 811 totiusll

130 826 270 909 corporis
296 828 434 892 membra
461 827 606 913 disponit.
663 830 789 914 Septem
817 837 891 896 sunt
921 830 1003 895 enim
1033 831 1112 895 intra
1144 830 1302 897 hominem

129 930 211 1007 quae
232 930 251 975 a
271 910 397 977 Graecis
418 912 504 997 nigra
527 913 665 979 membra
685 915 868 993 vocitantur,
889 915 992 1000 lingua
1016 935 1069 979 cor
1091 916 1196 1001 pulmo
1217 915 1302 981 ieeur

129 994 193 1060 hen
213 1016 304 1061 rencs
325 996 404 1061 duo:
437 1009 469 1062 et
486 1007 604 1085 septem
630 1000 689 1064 alia
711 1021 781 1065 cum
803 1001 889 1065 venis
910 1022 946 1065 ac
967 1001 1119 1065 meatibus
1147 1020 1226 1085 quae
1248 999 1301 1065 ad·

127 1079 231 1157 iacent
251 1080 380 1166 singulis
399 1081 438 1147 ad
459 1083 561 1149 cibum
589 1093 622 1149 et
642 1085 785 1167 spiritum
808 1084 1019 1170 accipiendum
1049 1084 1301 1170 reddendumque

128 1173 203 1230 sunt
217 1165 387 1264 deputata,
421 1176 529 1252 guttur
547 1169 723 1235 stomachus
744 1171 829 1236 alvus
849 1171 948 1238 vesica
969 1178 1001 1235 et
1022 1170 1166 1235 intestina
1189 1169 1300 1253 princi·

128 1250 210 1335 palia
230 1258 305 1315 trrar
327 1271 460 1337 qnorum
479 1275 577 1319 unum
598 1255 760 1340 dissiptnm
781 1264 916 1333 vocatur,
936 1255 1018 1405 pund
1041 1262 1179 1323 uentrem
1198 1260 1231 1318 et
1250 1274 1299 1319 oc·

126 1343 196 1400 tera
218 1336 362 1402 intestina
383 1338 532 1403 secernit:
553 1340 685 1406 alterum
706 1339 852 1417 medium,
876 1361 939 1426 quo
978 1340 1087 1406 Graeci
1107 1336 1301 1424 μεσέντερον

127 1420 248 1486 dicunt:
269 1423 405 1499 tertium,
424 1424 508 1509 quod
531 1434 650 1490 veteres
671 1425 770 1489 hiram
788 1435 946 1502 vocarunt,
969 1425 1162 1509 habeturque
1182 1424 1300 1508 praeci-

126 1526 226 1592 puum
245 1507 464 1574 intestinorum
485 1510 642 1589 omnium,
662 1518 696 1575 et
713 1510 773 1575 cibi
794 1509 974 1575 retrimenta
993 1509 1125 1575 deducit
1167 1510 1216 1573 De
1237 1508 1298 1593 spi·
1308 1503 1350 1570 78

930 1678 1014 1742 [Edd.
1030 1676 1234 1745 ricshgspdeh.

124 1763 181 1814 ΙΝ*
204 1760 329 1828 θΡῑὶῐΜ·
351 1761 386 1823 (i-
407 1778 431 1814 ⁰·
455 1762 510 1823 1⁴¹)
532 1764 641 1831 septeni.
675 1763 750 1817 Sene
773 1764 857 1817 etism
879 1764 1006 1831 scqrsitm·
1026 1770 1074 1817 cst
1093 1778 1120 1813 sc
1139 1762 1189 1814 ties
1209 1758 1301 1811 dessi.“

127 1830 219 1884 Gron.
254 1829 331 1881 Adde
356 1831 429 1895 §tt
449 1833 533 1883 sexies
549 1833 658 1899 septeni.
691 1842 795 1900 septem
819 1832 954 1899 tgulas.
990 1829 1108 1899 scptell
1141 1833 1162 1879 l.
1201 1822 1301 1879 Vllh'

125 1896 269 1948 [affluit.
289 1924 323 1935 -
345 1898 417 1949 citae
436 1901 553 1965 spatium
573 1902 717 1967 perfectam
742 1901 875 1953 humanas
897 1898 928 1950 F.
952 1926 987 1936 —
1009 1898 1079 1965 qnod
1100 1894 1236 1964 quisquis
1256 1894 1299 1945 Rl

125 1963 291 2081 ΕΒΗ-ΒΕΘ.
307 1990 343 2003 -
359 1967 483 2017 ecesserit
501 1967 551 2017 Rl.
573 1994 601 2003 -
619 1968 734 2018 exereio
751 1969 890 2035 supientia
907 1966 939 2017 B.
958 1994 985 2003 -
1006 1980 1143 2016 mannum
1160 1979 1213 2015 om.
1234 1961 1301 2023 (rel.

126 2033 202 2098 isc.)
254 2035 276 2081 l.
296 2058 330 2069 -·
352 2034 389 2083 cd
407 2050 489 2099 usque
510 2034 638 2085 decinam
659 2034 731 2085 Burs.
882 2040 925 2086 tl.
960 2040 1022 2086 sunt
1039 2033 1108 2084 enim
1129 2028 1299 2083 ceceanu

126 2099 184 2152 Τι.
220 2100 289 2151 essins
305 2108 368 2153 assat
389 2099 574 2151 Sthllde’.
598 2128 624 2139 —
647 2110 785 2154 occantur
802 2100 872 2153 Bru.
900 2128 932 2139 -
956 2110 986 2153 ct
1004 2101 1132 2153 meatibus
1155 2098 1298 2149 landun.

124 2196 163 2209 -
178 2167 365 2234 recipiendam
384 2166 415 2219 F.
432 2195 466 2206 -
481 2176 579 2249 gallur
596 2171 683 2221 vesica
701 2171 779 2222 alvus
797 2168 1014 2222 stomachosus.
1032 2196 1067 2207 -
1089 2175 1114 2221 cl
1129 2174 1240 2219 cetera
1255 2164 1299 2215 in-

124 2235 226 2288 testino
242 2236 326 2302 princ.
349 2234 401 2286 Ra.
439 2243 465 2287 et
482 2238 616 2288 antestius.
646 2238 812 2305 Principalis
836 2238 886 2287 ΠΙ.
908 2265 943 2276 -
965 2237 1009 2288 un'
1032 2236 1064 2286 B.
1105 2232 1297 2300 „Faciendum

125 2320 190 2354 cum
208 2300 353 2364 Frntcrio,
375 2304 456 2353 imam
477 2304 643 2371 anaspum?
663 2305 743 2357 Pont.
779 2304 882 2355 Contra
899 2304 1005 2355 Zcunio
1022 2304 1105 2369 plane
1122 2302 1217 2367 inepte
1236 2316 1301 2350 esse

125 2369 239 2423 videtur
260 2370 332 2420 hacc
349 2370 516 2422 emendatio.
542 2401 570 2410 -
598 2374 738 2439 dissiptem
759 2371 942 2423 ursa-eura.
979 2372 1128 2436 dissipium
1145 2384 1206 2433 ug.
1241 2367 1299 2417 dis-

125 2446 238 2506 septsssn
251 2438 362 2490 bl'Bn.
375 2438 430 2505 [hg
444 2438 472 2489 in
486 2444 566 2557 rupi).
597 2440 702 2490 Probet
712 2440 809 2501 Zeum,
825 2438 898 2504 quod
912 2454 929 2489 a
939 2437 1022 2488 Celso
1036 2437 1178 2486 diceretur
1188 2437 1299 2498 septum

106 2514 328 2559 ‘transversum
364 2505 497 2573 deceptam
543 2532 605 2557 .·-
626 2508 871 2574 quodmescntcrcn
888 2511 1008 2556 cocant
1027 2509 1095 2562 (orn.
1120 2498 1298 2582 Graccssqltl.

125 2600 164 2614 -
182 2570 351 2639 poemenion
368 2589 430 2640 ceg.
466 2580 655 2624 messenteron
673 2573 689 2623 i.
713 2600 745 2611 -
769 2574 839 2638 quod
861 2571 1061 2622 Grecilsirnm
1079 2568 1193 2620 dieunt
1209 2565 1241 2616 1⁶.
1266 2592 1295 2603 -

126 2642 197 2693 s'rons
219 2640 310 2691 sites.
346 2640 451 2707 lepram
473 2640 512 2689 Rl
539 2678 545 2691 .
580 2642 665 2691 laisan
690 2639 804 2691 Remea.
839 2640 928 2706 hyrcn
950 2638 969 2689 i.
1002 2638 1063 2689 hirc
1083 2637 1160 2702 (sup.
1179 2633 1243 2686 add.
1263 2632 1297 2698 s)

127 2709 164 2760 G.
186 2734 220 2747 -
241 2715 413 2759 consecrant
437 2706 524 2759 Bene
547 2708 604 2773 gli.
624 2734 658 2746 -
683 2708 860 2775 praecipium
886 2706 955 2759 Han.
991 2704 1175 2773 principium
1195 2700 1297 2753 ussus

126 2792 146 2829 n
163 2793 189 2843 p.
205 2792 241 2826 sn.
275 2774 474 2841 „Praecipuum
493 2775 617 2844 intelligi
638 2783 730 2841 potest
747 2776 792 2826 vel
808 2791 858 2825 usu
879 2774 924 2825 vel
943 2772 1090 2841 dignitate,
1107 2772 1142 2822 ei.
1159 2770 1218 2823 Sat.
1236 2767 1298 2831 vn,

125 2844 185 2909 9[§
202 2841 269 2910 22]
305 2841 402 2907 ltsqne
422 2842 494 2893 nibil
513 2860 585 2894 nune
603 2843 813 2894 sollicitandum
832 2840 1051 2907 pronuntiarem,
1069 2838 1125 2891 nisi
1144 2838 1172 2889 in
1190 2836 1299 2916 dnobus

128 2910 213 2963 libris
230 2908 376 2961 obveniret
394 2911 568 2978 principium,
588 2912 660 2961 unde
678 2910 822 2962 iortsssis:
843 2910 969 2975 habetque
984 2907 1154 2975 principium·
1189 2904 1296 2970 Sulpte.

126 2979 224 3031 Seres.
248 2979 276 3030 in
300 2976 367 3027 hist.
392 2994 447 3029 sse.
470 2980 595 3029 maiorem
616 2979 724 3030 minoris
746 2977 908 3028 subdendum
932 2992 988 3027 cecc
1028 2974 1152 3041 sincipiti,
1183 2972 1298 3022 notente

123 3044 255 3100 Besthio.
290 3044 368 3095 Adde
384 3044 459 3111 hips.
478 3046 512 3096 sd
528 3045 597 3096 Tac.
611 3046 679 3097 dnn.
697 3044 708 3095 Ι
725 3045 760 3111 [c.
779 3044 865 3109 ct.].“
887 3043 971 3094 Gran.
1006 2992 1179 3110 §cripturam
1194 3038 1297 3121 princi·

121 3116 200 3185 pisces
220 3111 321 3181 probat
338 3112 423 3163 Zenn.
459 3112 520 3164 Vid.
541 3121 598 3166 not.
619 3141 652 3151 -·
674 3114 726 3165 cibi
747 3129 801 3165 our.
823 3112 889 3173 (rel,
908 3112 978 3172 lec.)
996 3110 1049 3162 Rl·
1075 3136 1107 3149 ··-
1131 3109 1298 3162 detrimenta

127 3268 177 3327 lo,
202 3267 247 3315 22
273 3270 303 3316 ct
324 3262 375 3315 lsoc
401 3264 457 3315 solo
479 3281 497 3316 c
516 3280 545 3317 ss
570 3265 689 3331 differat,
739 3262 810 3327 ciet,
844 3262 959 3316 dublum
983 3278 1036 3315 nnn
1058 3266 1102 3315 est
1120 3280 1135 3315 e
1155 3260 1210 3314 loci
1230 3276 1298 3313 cen-

128 3334 201 3403 psod
218 3334 304 3383 maior
320 3332 438 3383 minores
455 3332 499 3385 sit.
739 3337 825 3383 textu.
860 3330 914 3383 Sed
933 3334 1027 3384 obstat
1042 3332 1197 3384 auctoritas
1209 3327 1297 3391 Festi,

160 3404 204 3451 ¹18.
245 3401 358 3451 aliorum
384 3416 521 3451 munerum
550 3399 691 3451 vacatione
738 3398 800 3467 qnia
826 3398 909 3464 Hira,
927 3400 1033 3468 inquit,
1051 3416 1119 3467 qaae
1135 3397 1297 3451 deminution

124 3466 372 3532 severendus1i.e·
390 3484 453 3518 cnm
471 3468 497 3519 ei
515 3468 690 3519 reverentias
738 3469 836 3519 dicitnr
862 3468 944 3532 hillo,
978 3484 1057 3536 quam
1085 3467 1181 3518 Graeci
1205 3465 1298 3515 dicunt

127 3536 352 3653 urespsliernns
374 3551 520 3587 muneram
540 3534 631 3587 dende
651 3533 690 3587 sit
737 3534 839 3652 νῆστις,
857 3532 1296 3669 ἰῖῗρὲὶηιὲτῦῖείῇῗὲἕά,ἰοὶέπῗῖ

128 3619 249 3656 secsso.
737 3619 841 3653 cotan.
910 3619 946 3652 r.
1046 3640 1051 3650 .
1142 3630 1285 3649 ....

129 3668 395 3804 statutt
424 3668 689 3802 rdttttbttt
738 3667 865 3796 titt:
884 3666 1298 3785 titt-,butt'tttttt

129 3806 214 3889 (lelso
223 3811 323 3889 septem
335 3802 450 3900 nemini
459 3804 575 3855 dictum.
599 3804 689 3857 Grec-
739 3818 879 3883 crrsemrrs.
893 3800 982 3885 'Nam
1000 3801 1042 3883 2¹⁰.
1051 3800 1118 3852 eliis
1132 3796 1298 3917 qnoqusNin-

130 3872 446 4006 ‘'hi‘ffiiid‘ififc'i'd
463 3870 690 4003 lttlnm.
739 3867 1298 4001 bt:”tbttsl't'ltbbnt

128 4007 347 4073 disphrsgmstc
366 4005 497 4056 hocloco
513 4004 689 4057 etintcstino
740 4004 821 4057 Cure.
840 4004 877 4066 ll,
894 4008 918 4067 l,
936 4007 978 4055 2³.
997 4002 1172 4071 comprobata
1251 4000 1296 4052 tt-

129 4081 224 4137 rccto,
247 4072 319 4125 hant
336 4072 421 4123 dubio
437 4072 639 4136 intelliguntur
657 4087 691 4124 es
739 4088 788 4123 sne
816 4088 903 4123 omnes
932 4072 1031 4123 dolent.
1082 4070 1172 4122 Verbo
1201 4075 1296 4121 susem

129 4142 274 4205 intestine,
292 4156 365 4207 quae
377 4139 460 4191 Celso
475 4139 607 4190 dicuntur
622 4141 691 4190 iein·
739 4140 911 4207 praecipuam
941 4144 1037 4190 noster
1061 4137 1174 4189 videtur
1200 4154 1298 4204 respe-

129 4228 203 4275 Μ,
221 4208 336 4268 tessine,
353 4208 469 4260 marsius
484 4213 514 4259 ct
529 4222 631 4258 coccam
646 4208 691 4258 in·
740 4206 817 4258 sisse
835 4206 974 4273 originem
992 4206 1113 4257 nominis
1129 4199 1226 4273 ἄρχοῦ,
1243 4220 1299 4271 qus

130 4277 285 4334 testinanf‘
308 4276 395 4327 Zeus·
741 4273 906 4326 intestinum
930 4278 1036 4325 centnm
1057 4274 1225 4341 Hippocrati
1248 4290 1301 4340 sp-

167 4345 238 4414 sprsd
254 4350 354 4395 veteres
367 4343 453 4394 hirsus
468 4350 597 4395 cccmm
612 4342 693 4394 liobe·
742 4340 845 4408 pellsri
863 4346 982 4405 constet,
998 4341 1044 4392 rel
1061 4344 1097 4394 ob
1113 4358 1203 4419 usum,
1216 4356 1299 4408 quern

130 4411 606 4481 turpaeprcecipssmsstestincrssm]
621 4410 693 4474 „lli-
742 4414 876 4475 praestat,
896 4411 951 4474 rel,
968 4409 1040 4475 qnod
1058 4410 1235 4477 probabilius
1250 4423 1300 4458 ex·

129 4498 190 4535 ress
213 4478 379 4531 intestinum
397 4487 504 4531 rectum
522 4479 559 4530 sb
577 4485 693 4530 sectore
741 4476 920 4529 istisnendum
949 4484 1021 4540 est,-
1037 4477 1072 4529 olr
1094 4478 1188 4530 sitnm.
1227 4474 1300 4526 Nam

130 4546 268 4617 intelligi,
285 4545 359 4613 qnod
374 4551 552 4601 excrementa
567 4545 625 4599 sibl
639 4544 693 4599 eli-
741 4544 975 4615 quenadmodum
991 4560 1008 4600 a
1024 4544 1109 4599 celse
1126 4540 1300 4603 stomachus,
