2942 4859
221 73 264 198 aa
704 121 913 191 mennon

221 297 362 375 termini,
380 316 451 362 enm
471 294 534 361 sint
552 310 676 379 semper
694 291 775 359 eirea
792 310 922 378 norpera
944 310 1078 376 qnorum
1095 288 1220 357 termini
1239 296 1328 370 sunt,
1346 278 1395 359 inss

221 382 359 469 eorporei
381 390 487 446 tamen
510 379 739 462 intelleguntur.
781 375 861 443 Nam
888 396 1051 463 quousque
1079 396 1192 461 eorpus
1217 397 1285 443 esse
1310 377 1394 445 diee-

220 478 287 545 tur,
307 466 438 533 neodum
459 465 611 531 terminus
630 461 834 545 intellegitur:
854 462 1014 547 cogitatio,
1032 480 1112 546 quae
1134 462 1310 546 eeneeperit
1330 472 1393 529 ter-

189 552 337 619 timinum
364 572 476 637 eorpus
503 547 636 647 reliquit
690 548 774 631 Ergo
795 547 913 643 primus
935 569 952 613 a
974 546 1155 631 corporibus
1184 546 1223 611 ad
1249 548 1392 647 inserpe-

170 656 276 713 [aetren
296 638 442 702 transitus
469 634 598 700 offendit
618 652 783 717 eorporurn
803 640 967 697 termmos:
1002 640 1034 697 et
1055 630 1131 696 haee
1152 638 1200 697 est
1220 652 1319 717 prima
1345 656 1393 699 rn-

220 742 368 808 oorporea
389 729 497 792 natura
515 726 586 804 post
607 737 751 801 eorporn,
778 717 830 783 sed
853 738 915 782 nen
938 737 1015 802 pure
1036 736 1093 780 nee
1111 715 1149 780 ad
1170 716 1324 801 integrum
1343 740 1392 783 ea-

220 829 292 874 rens
311 825 456 891 eorpere:
484 826 555 869 nam
578 802 649 867 lieet
668 810 756 867 entra
778 822 890 887 eorpus
912 810 1021 867 natura
1039 802 1108 867 eius
1126 801 1180 877 sit,
1200 810 1304 867 tamen
1327 824 1391 870 non

220 893 280 957 nisi
301 892 380 955 eirea
400 911 512 975 eorpus
533 894 669 973 apparet
725 886 805 952 Cum
826 894 926 951 totum
948 887 1084 973 denique
1105 906 1217 971 eorpus
1239 889 1390 967 nominas,

219 977 313 1042 etiam
344 975 520 1060 superiieios
547 973 607 1038 hoe
629 971 779 1037 venabulo
812 972 1006 1037 sentinetur:
1047 972 1085 1037 de
1114 973 1294 1057 eorporibus
1320 993 1389 1039 eam

191 1068 323 1131 ltnmen
346 1061 404 1125 etsi
430 1082 493 1125 non
515 1080 565 1124 res
592 1056 646 1123 sed
666 1056 840 1122 intellectus
868 1064 1049 1142 sequestrat
1092 1057 1176 1121 llaec
1201 1058 1389 1143 superficies,

218 1148 298 1213 sieut
314 1154 363 1211 est
381 1165 544 1248 corporum
566 1142 733 1217 terminus,
762 1142 803 1207 ite
825 1142 914 1208 lineis
936 1143 1134 1219 terminatur,
1160 1162 1238 1227 quas
1256 1164 1315 1209 suo
1333 1166 1388 1210 ne-

156 1271 160 1279 ·
218 1231 302 1297 mine
323 1252 474 1314 γραμμας
494 1228 623 1295 Graecia
651 1227 837 1293 nominarit:
870 1227 992 1313 punctis
1016 1228 1114 1293 lineae
1140 1226 1299 1293 liniuntur.
1347 1230 1389 1295 Et

111 1334 116 1343 ·
218 1315 295 1382 haec
314 1323 388 1381 sunt
407 1334 535 1399 corpora
556 1333 636 1399 quae
658 1312 873 1379 mathematica
893 1320 1056 1389 venantur,
1069 1311 1118 1376 'de
1137 1311 1250 1396 quibus
1271 1313 1387 1379 sollerti

188 1400 369 1469 Sindustria
386 1400 572 1483 geometriae
591 1397 774 1482 disputatur.
824 1399 910 1482 Ergo
929 1397 1005 1463 haee
1032 1397 1225 1481 superficies,
1258 1419 1327 1465 eum
1348 1420 1385 1465 ox

217 1486 319 1582 aliqua
342 1493 429 1569 parte
454 1484 593 1582 eorporis
615 1483 782 1567 eogitatur,
817 1504 875 1568 pro
901 1482 1002 1549 iormn
1024 1482 1152 1549 subiecti
1179 1484 1385 1567 corporisne

216 1569 292 1654 eiprt
315 1590 480 1635 numerum
502 1569 668 1633 linearum:
696 1586 767 1633 nam
788 1589 844 1633 seu
864 1569 958 1633 trium
979 1575 1014 1633 ut
1033 1568 1203 1652 trigonum,
1226 1588 1280 1634 seu
1297 1578 1385 1667 qunt-

217 1662 289 1719 tuer
310 1661 347 1719 ut
373 1654 574 1740 quadratum,
607 1673 664 1719 sen
680 1652 817 1739 plurium
841 1653 882 1717 sit
903 1654 1103 1737 angulorum,
1141 1652 1269 1717 totidem
1296 1654 1384 1719 lineis

186 1740 285 1805 iisese
305 1737 344 1803 ad
368 1746 507 1804 extrema
526 1737 723 1822 tangentibus
744 1737 886 1823 planities
910 1738 977 1803 eius
1004 1738 1179 1805 includitur.
1232 1740 1298 1803 Hoe
1316 1738 1384 1805 ineo

216 1823 414 1887 ammonendi
436 1844 558 1899 sumus,
607 1823 669 1888 ued
692 1843 785 1888 omne
806 1844 860 1889 eor
882 1844 918 1888 us
941 1823 1140 1907 longitudinis
1163 1823 1332 1889 latitudinis
1353 1832 1385 1889 et

216 1906 389 1972 altitudinis
413 1905 597 1973 dimensioni
620 1927 656 1971 us
682 1915 812 1973 constat
852 1845 901 1973 Ex
924 1906 971 1973 lris
992 1908 1090 1973 tribus
1117 1908 1147 1973 in
1171 1907 1270 1973 linoae
1290 1908 1383 1975 duetu

215 2011 279 2057 uua
304 1991 456 2056 dimensio
481 1998 541 2067 est,
575 1991 735 2074 longitudo
761 2002 809 2059 est
832 1992 915 2057 enim
941 1992 1007 2057 sine
1031 1993 1207 2058 latitudine:
1243 1993 1382 2078 planities

215 2096 303 2155 sero,
324 2096 418 2161 quam
440 2075 550 2141 Graeci
569 2071 766 2161 ὴιφάνειαν
788 2086 913 2157 rotant,
932 2077 1026 2164 longe
1046 2078 1170 2165 latoque
1189 2078 1382 2159 distenditur,

280 2214 350 2267 Mes·
372 2213 645 2278 uusuttrauum

211 2302 314 2360 auten)
341 2298 393 2350 RD.
421 2327 455 2339 -
482 2300 510 2352 in
532 2317 577 2351 eor
595 2317 640 2353 ore
658 2309 746 2355 tumen
768 2302 819 2355 itt.
846 2330 881 2343 -
907 2304 976 2356 Num
997 2302 1116 2373 perendie
1149 2305 1183 2356 Η.
1220 2334 1249 2345 -·
1277 2307 1381 2363 dicitur

210 2366 287 2419 utta
313 2394 342 2406 ·-
365 2366 515 2434 reliquiis
581 2368 675 2437 stige.
714 2370 853 2439 relinquit
878 2370 1195 2425 ursiana-tumuere.

209 2438 237 2486 e.
274 2435 491 2515 udineorpnm
516 2452 545 2516 u·
561 2438 712 2505 torporibus
739 2439 810 2491 llun.
844 2466 870 2477 -
899 2440 1010 2507 effendit
1035 2440 1379 2495 uusurauuunt’stuv.

210 2503 337 2556 ostendit
364 2502 439 2583 i-ut’3
470 2530 506 2543 -
533 2521 687 2572 incorporee
727 2509 797 2560 sinu
824 2509 869 2557 ri.
914 2524 1044 2575 eorpnreu
1068 2509 1157 2576 priene
1185 2512 1229 2561 v8.
1260 2538 1295 2549 -
1320 2520 1380 2578 pest

209 2587 320 2636 corpore
341 2570 513 2639 Menvrougb
531 2571 656 2641 ‚‚dngl.“
689 2612 709 2639 „
741 2592 773 2626 ne
796 2574 953 2643 praeiero.“
978 2574 1057 2627 Pent.
1097 2576 1157 2641 „Ab
1175 2576 1285 2630 isaacio
1304 2585 1380 2631 nunt

210 2636 296 2687 etiam
322 2652 419 2688 omnes
441 2638 572 2704 seripti.“
598 2640 682 2691 Genu.
725 2651 786 2709 poet
808 2660 941 2711 corporae
968 2642 1043 2694 trs-z.
1074 2670 1109 2683 -
1134 2644 1214 2697 lieet
1242 2664 1294 2699 nen
1314 2664 1380 2716 pure

210 2701 288 2785 Bne..
304 2731 339 2742 -
361 2713 523 2757 euenturum
544 2706 595 2759 etei
614 2706 701 2759 uum
726 2710 785 2775 (112
801 2715 889 2762 temen
910 2711 939 2761 in
959 2710 1029 2772 run.)
1051 2710 1118 2763 (ll’t
1139 2712 1214 2775 „dun
1240 2717 1379 2766 membre-

208 2772 310 2823 πηοεν*
332 2770 420 2825 ileon.
459 2780 549 2850 tumen
564 2790 623 2825 met
639 2777 690 2827 etei
712 2774 742 2827 ln
777 2784 865 2829 tumen
884 2794 921 2830 eu
938 2778 988 2830 etsi
1011 2776 1045 2828 11.
1087 2794 1145 2830 enm
1163 2786 1217 2832 tun
1236 2782 1286 2833 etei
1307 2781 1378 2833 Edi.

208 2836 302 2890 sun.
325 2865 360 2877 -
388 2838 535 2892 intellectus
560 2842 630 2907 (del.
652 2842 712 2903 sedi
737 2842 785 2905 „in
808 2861 862 2896 nnn
881 2844 1052 2897 menrtrsnf‘
1076 2846 1160 2897 (iren.
1207 2856 1312 2901 tumen
1335 2850 1378 2901 in-

206 2906 326 2959 tellectus
342 2922 360 2957 v
378 2906 566 2971 ‚‚eirttrieeeus
583 2907 676 2962 itter‘
694 2911 779 2962 (leon.
799 2912 846 2977 qui
863 2912 1023 2979 errepicetns
1041 2920 1084 2965 eet
1101 2928 1195 2967 verum
1209 2916 1378 2982 scripturum

207 2990 285 3025 esee:
321 2976 620 3038 tansmisimus,
650 2984 739 3029 tumen
757 2979 910 3035 intelieetm.
946 2978 1060 3031 (lenient
1077 2980 1135 3033 Set.
1158 2981 1186 3044 1,
1209 2988 1240 3047 2,
1264 2988 1305 3036 18.
1330 2984 1379 3037 uhi

205 3040 320 3105 qnidam
337 3042 444 3093 temetsi
459 3070 494 3081 -
509 3050 597 3095 tumen
615 3044 732 3113 legitur,
751 3052 779 3097 et
797 3046 853 3096 cte.
873 3047 938 3098 inm.
957 3046 1002 3111 lv,
1024 3051 1054 3099 15
1074 3044 1099 3115 [i
1117 3048 1164 3117 21,
1183 3055 1213 3100 et
1230 3068 1302 3117 qnae
1320 3054 1378 3103 nel-

205 3106 281 3223 qu'it
295 3106 396 3232 {iilum
416 3107 463 3189 lli.
480 3108 540 3160 Vnr.
558 3114 600 3160 11.
725 3116 779 3231 Gi.
813 3111 941 3194 γραμμὰς
956 3130 982 3197 a.
1054 3132 1155 3168 eminus
1173 3116 1241 3169 dise.
1261 3126 1289 3171 et
1308 3120 1377 3203 lidi.

205 3190 464 3319 „anmi'iiii
479 3182 1377 3323 sitiatis·tittltfuttttnu-ltitttttil

205 3313 394 3388 geometricae
420 3308 577 3391 offiium·
602 3315 770 3380 geometrice
794 3314 817 3364 B
840 3316 892 3376 (111
919 3331 934 3367 e
957 3322 1051 3378 norr.).
1090 3322 1278 3389 geometrica
1300 3330 1376 3389 (nup.

206 3378 274 3454 trin)
292 3372 343 3423 1η
377 3382 529 3443 geometren
547 3376 675 3445 disputet
696 3382 736 3431 111
757 3382 830 3446 ,,Μι.
846 3382 1047 3450 Angliennus.“
1198 3392 1224 3438 8.
1259 3393 1376 3457 eorporis

205 3438 361 3521 niteatqll.
395 3441 652 3511 ratiocinaturus.
673 3451 823 3501 -eeueit
858 3451 955 3501 larium
972 3452 1004 3502 F.
1022 3478 1053 3491 -
1070 3453 1200 3520 planicies
1218 3460 1285 3517 (nm.
1304 3458 1375 3519 eiua)

204 3508 293 3577 pade.
313 3508 489 3591 rutprqltante
509 3510 641 3595 (ique...
747 3520 773 3568 9,
809 3468 968 3569 Hismario
987 3519 1213 3589 legiginmg.=
1232 3524 1375 3585 linnineo).

202 3601 239 3616 -·
260 3574 438 3658 longitudines
452 3584 484 3629 et
502 3577 654 3633 latitudines
671 3580 890 3651 altitudinisque
911 3584 1085 3640 uturum.
1111 3614 1145 3627 —
1168 3598 1205 3642 eet
1224 3591 1374 3661 iongitudo.

204 3643 257 3696 liet
273 3659 343 3695 enim
360 3643 385 3695 P
405 3650 430 3705 [e
444 3648 496 3705 eet)
520 3662 580 3717 r-g.
618 3656 665 3703 eet.
693 3650 846 3721 longitudo
865 3654 934 3705 enim
951 3662 989 3708 eet
1011 3654 1042 3706 F.
1064 3682 1098 3695 -
1120 3658 1263 3726 epipisunir'e
1286 3658 1375 3713 ustie

225 3765 261 3843 ,6.
298 3763 370 3815 Nun
382 3781 517 3848 musque
590 3768 698 3837 reliquit
725 3770 764 3822 tit
813 3773 971 3842 sequemet]
984 3776 1373 3848 „Verbmneepaeetrerqqnn

202 3830 509 3900 deaureteoneepent,
523 3833 578 3886 sibi
592 3852 692 3903 respon
713 3854 763 3891 ene
813 3848 913 3893 auctor
940 3858 1025 3909 saepe
1052 3860 1168 3897 numero
1194 3847 1297 3915 utitur,
1328 3856 1374 3903 eet

199 3898 367 3979 intellegitur
387 3904 417 3949 et
436 3902 556 3969 reliquit.
593 3904 710 3957 Needm
731 3905 761 3957 in
811 3909 927 3960 verbnm
945 3909 1094 3965 deterioris
1112 3914 1263 3968 latinitatis
1284 3921 1314 3969 et
1330 3918 1374 3969 el-

199 3966 319 4030 epndoer
335 3968 449 4035 ponitur
465 3985 517 4036 pro
534 3971 666 4037 nonduin,
685 3974 760 4026 enni.
811 3974 930 4043 gnificat
946 3994 1083 4046 seponere,
1110 3984 1263 4051 seiungere,
1289 4001 1372 4053 aepu-

200 4031 273 4097 §w
809 4047 900 4095 rnre.“
915 4045 1002 4099 zunu-
1039 4047 1165 4103 Positum
1182 4056 1226 4103 ent
1241 4050 1278 4113 11,
1289 4055 1315 4117 d,
1327 4056 1372 4105 ³³.

234 4066 486 4181 esperimus]
508 4102 542 4155 Et
559 4102 625 4156 lul.
641 4108 671 4157 et
686 4105 701 4173 5
717 4109 757 4161 lii.
808 4108 883 4163 inter
911 4114 998 4166 verbu
1023 4132 1149 4199 reperere
1178 4123 1207 4170 et
1230 4134 1370 4173 emanere.

198 4162 354 4283 πιιίἵῖιιιιιιο
373 4169 500 4222 ordinem
524 4170 597 4223 lteee
618 4182 759 4257 fpeqtuut,
808 4176 887 4261 Cum·
906 4183 1114 4265 praepositione
1133 4202 1151 4236 u
1172 4184 1226 4236 hee
1252 4187 1371 4239 verlinru

356 4250 437 4299 mpns
456 4253 523 4302 qno,
551 4244 582 4289 nt
599 4247 640 4290 ert
657 4239 757 4321 (iacere
807 4244 901 4313 iungit
914 4248 1075 4303 Macrobius
1089 4250 1195 4304 comm.
1213 4252 1237 4317 1,
1253 4258 1279 4317 o,
1293 4259 1325 4317 ὃς
1346 4256 1370 4320 l,

195 4295 367 4421 {moggi
382 4304 623 4423 accurrite·
643 4311 758 4363 vinulis
806 4314 1048 4396 e‚e;113p,ue;
1069 4318 1107 4401 11,
1128 4323 1168 4375 rt.
1188 4323 1229 4372 10.
1263 4320 1371 4376 uentre

493 4406 503 4434 ,
580 4388 667 4439 supra
689 4392 713 4428 e.
728 4379 756 4444 4,
806 4386 979 4445 praepositae
996 4386 1170 4453 eddiertnr§
1191 4389 1232 4437 lu

197 4430 264 4552 §rie
286 4496 436 4567 eorporidue
459 4515 518 4552 euru
604 4499 756 4565 intetieeiut
803 4449 1104 4586 cuz-‘qugqqrqq'qq'aq
1112 4453 1300 4589 mmm
1317 4472 1368 4511 ω·
