2942 4859
232 100 370 170 COMM
391 100 435 170 ΙΝ
454 100 581 171 salut.
600 98 701 169 scu.
744 101 818 167 LIB.
837 102 860 167 I.
904 101 994 170 CAP.
1017 102 1071 181 nt
1089 104 1143 171 IV.
1225 102 1267 171 tt
1300 127 1307 211 Ι·
1400 200 1409 215 .

101 288 187 347 mua,
225 277 262 335 ut
289 269 406 334 animae
432 270 512 334 bene
544 269 584 335 de
609 290 643 335 re
668 268 791 367 publica
823 270 1005 337 meritorum
1038 280 1110 357 post
1140 292 1179 338 oo
1236 292 1270 339 ιι

101 356 187 420 caelo
206 355 291 419 reddi
313 364 346 419 et
364 355 427 418 illic
451 353 512 419 irui
540 355 695 419 beatitatis
715 355 920 439 perpetuitate
942 376 999 420 nos
1018 356 1135 423 doceat.
1219 361 1299 427 amb

100 440 276 526 Scipionem
302 440 404 525 ipsum
430 438 508 505 boec
533 439 653 504 occasio
675 439 713 503 od
733 440 918 504 narrandum
942 442 1098 507 somnium
1123 462 1269 529 provoca·

101 526 160 601 rit,
182 524 265 609 quod
284 524 378 609 longo
395 533 536 609 tempore
556 545 590 589 ae
607 530 738 588 testatus
756 532 803 587 eat
821 524 943 589 silentio
963 527 1144 591 condidisse.
1188 526 1267 593 (lum

100 611 183 675 enim
203 609 325 675 Laeliru
346 618 529 694 quereretur
551 608 652 673 nullas
671 608 800 675 Nasicae
822 616 937 673 statuas
959 610 990 673 in
1016 612 1139 693 publico
1162 611 1194 675 in
1223 612 1268 677 iu·

100 693 219 759 teriecti
252 695 376 778 tyranni
410 695 690 759 remunerationem
722 692 850 771 locatae,
888 695 1045 777 respondit
1072 694 1173 779 Scipio
1199 706 1269 782 post

99 780 159 844 alia
186 779 220 842 iu
246 778 322 843 baec
347 778 457 843 verba:
499 778 560 846 Sed
585 800 765 866 aerumpnam
790 779 971 863 rapientabm
996 782 1173 844 comcientio
1201 784 1269 867 ipra

98 868 247 950 fanornm
264 865 450 949 eprepiarum
466 864 681 950 ampliarinnan
700 864 820 927 ar'rtatie
840 875 881 927 eat
896 866 1084 950 praernium:
1101 876 1198 930 tamen
1217 868 1269 930 dia

100 950 207 1014 dimica
226 950 324 1013 oirtua
344 970 407 1013 non
425 959 539 1013 suanae
590 949 678 1012 umbo
699 948 900 1024 inhaerentes,
940 970 994 1013 nec
1014 948 1180 1035 menapios
1203 972 1269 1014 ora-

99 1034 245 1099 aeenttirua
263 1034 392 1109 bamam,
432 1033 484 1097 aad
568 1034 659 1097 diora
683 1032 830 1119 puadom
851 1046 877 1097 et
896 1034 1048 1097 armanore
1088 1037 1270 1099 raemioaum

100 1140 210 1205 amera
235 1115 391 1182 dmidmat
436 1117 522 1195 oreae
544 1128 644 1182 tamen
669 1118 727 1182 uta
753 1118 843 1182 eant?
875 1118 977 1202 inquit
1001 1056 1133 1183 Laeiius.
1183 1118 1320 1210 Tumpr]

100 1203 219 1288 Scipio:
245 1203 393 1267 Patimini
411 1225 473 1279 nae,
494 1204 637 1289 moneam
656 1204 776 1267 tertium
798 1202 958 1271 etiamnum
977 1204 1083 1287 smair·
1100 1224 1215 1279 manua,
1239 1206 1298 1273 eti

101 1296 216 1365 cetera,
241 1287 355 1373 quibus
374 1286 414 1351 ad
433 1287 641 1352 narrationem
662 1286 775 1351 somnii
796 1288 895 1364 venit,
918 1287 1030 1353 docens
1051 1288 1188 1353 illaesae
1210 1296 1270 1355 sta·

100 1373 209 1437 biliora
225 1381 258 1437 et
276 1372 419 1438 viridiora
437 1372 645 1457 praemiorum
664 1391 787 1455 genera,
808 1390 887 1456 quae
906 1372 972 1456 ipse
992 1372 1117 1437 vidisset
1135 1374 1269 1439 incaelo

100 1458 190 1523 bonis
209 1478 314 1521 rerum
356 1456 528 1521 ublicarum
550 1464 669 1521 servate
686 1454 872 1531 rectoribus,
908 1456 988 1521 eicut
1007 1455 1056 1521 bis
1078 1458 1180 1522 verbio
1201 1458 1269 1522 eiua

99 1542 288 1607 ostenditur:
349 1541 399 1615 ed,
419 1562 477 1626 quo
495 1542 553 1615 eia,
573 1542 731 1624 Africana,
752 1540 884 1604 damnor
902 1540 943 1605 ad
961 1542 1117 1605 tutandam
1134 1562 1197 1605 rem
1208 1544 1299 1626 pac-4

97 1629 222 1701 biiamn,
253 1626 298 1689 ric
325 1624 444 1688 babeo:
483 1625 618 1689 manaim
649 1626 705 1710 qni
722 1626 860 1708 patriam
883 1627 1122 1689 commoverem
1147 1625 1269 1689 adiuve-

96 1715 166 1777 rint
185 1710 343 1787 mecaenat,
365 1719 477 1773 certam
492 1730 554 1773 aare
572 1709 607 1773 in
626 1709 706 1774 eaelo
727 1708 880 1793 dafinitmn
898 1708 1008 1786 lorum,
1034 1710 1088 1774 ndi
1103 1710 1181 1773 beuti
1197 1730 1269 1775 aava

899 1860 982 1923 [Edd.
999 1860 1202 1930 ricabgapdab.

99 1950 184 2019 §tir
201 1946 233 2009 V,
250 1949 277 2012 2,
295 1945 310 2013 5
328 1951 361 2013 ¹13
383 1946 442 2011 vlt,
459 1950 487 2012 ⁶,
504 1946 518 2014 i
536 1948 567 2008 o;
583 1944 611 1997 in
629 1945 721 1997 ultimo
739 1944 799 1998 Sat.
817 1945 868 2008 111,
884 1947 911 2009 4,
929 1946 943 2013 5
959 1948 991 2010 ³3
1008 1948 1036 1999 in
1053 1948 1194 1999 naaiarima
1210 1945 1270 1999 Sat.

99 2018 147 2082 lv,
164 2020 191 2079 2,
209 2015 223 2081 ς
243 2018 275 2077 ⁸3
294 2031 312 2065 a
349 2014 415 2065 rimo
433 2014 500 2070 lucia
518 2013 578 2065 Sat
595 2013 618 2075 l,
635 2018 661 2077 ὁ,
681 2014 694 2079 5
713 2016 755 2076 ll,
774 2020 801 2065 et
819 2030 890 2080 quae
903 2012 1052 2066 adnotavit
1073 2014 1096 2067 1.
1115 2012 1145 2064 F.
1163 2014 1272 2067 Grono-

99 2085 165 2137 eina
180 2084 216 2135 ud
234 2080 295 2132 inlr.
340 2118 348 2145 ‚
367 2084 408 2145 14,
425 2082 439 2147 i
460 2086 499 2133 lt.
521 2108 551 2119 ·-
570 2081 797 2134 benemeritorum
813 2084 845 2133 de
864 2082 897 2134 li.
916 2082 948 2134 P.
965 2080 1036 2134 Βιιιι.
1054 2110 1089 2120 -
1104 2082 1182 2133 reddi
1197 2082 1271 2134 caelo

99 2154 154 2205 Rl.
178 2178 206 2189 -
229 2150 410 2202 beatudinie
432 2150 512 2218 agii
533 2148 620 2209 (Bne.
640 2163 658 2199 a
676 2166 733 2200 aee.
757 2153 817 2209 m).
973 2152 999 2201 2.
1038 2156 1175 2217 queretur
1195 2153 1271 2219 (nup.

99 2220 167 2273 ntld.
184 2223 229 2278 re)
246 2218 323 2269 leiim
340 2216 389 2267 Βῆ
409 2244 445 2255 -
461 2224 565 2270 statuar
579 2216 687 2283 publiea
704 2216 837 2281 interfecti
850 2216 959 2283 tyranni
974 2234 1091 2270 munere
1107 2217 1177 2269 Bar..
1211 2227 1270 2270 ata·

100 2288 295 2407 {mitit
317 2285 811 2418 ‘'tt‘'ttt.t':tt‘.“lt⁸t⁰‘tt⁶
830 2282 875 2401 ”a
903 2285 999 2417 iiia
1012 2284 1273 2417 ‘attiliani

99 2423 182 2474 emi
199 2420 408 2472 remuneratione
423 2417 509 2470 Frlca
527 2418 612 2482 (Bne.
632 2434 686 2471 am.
705 2419 796 2469 altero
814 2418 865 2477 in).
900 2415 978 2481 „Neo
1000 2416 1128 2469 codicum
1151 2416 1272 2483 aaripto-

100 2505 164 2541 ram
180 2487 221 2539 ita
240 2488 284 2553 (in
300 2521 345 2538 ...
359 2487 609 2548 remunerationem)
626 2485 790 2550 quiequam,
814 2499 866 2534 neo
884 2483 943 2533 ulla
961 2490 1088 2535 veterum
1107 2482 1270 2546 editionum,

100 2572 175 2624 quae
192 2553 356 2623 praeierunt
376 2553 405 2603 in
492 2550 718 2604 remuneratione.
753 2550 850 2618 Longa
872 2549 992 2601 dulcior.
1027 2550 1128 2601 Florae
1145 2550 1200 2616 lll,
1227 2554 1271 2602 2⁰.

100 2624 197 2676 deinde
217 2625 246 2674 in
267 2622 363 2673 benere
383 2620 480 2671 niriunr
498 2619 646 2689 gladiator.
685 2618 728 2683 11,
749 2623 775 2669 Ἃ.
799 2618 827 2668 in
845 2634 926 2669 cauea
943 2618 1006 2669 belli
1025 2618 1063 2669 Sa
1104 2626 1166 2671 ntae
1184 2618 1272 2671 deleta

100 2690 294 2754 (oidelerio).
327 2686 459 2738 lteenim
473 2686 682 2748 Narencodex,
700 2702 755 2736 non
773 2685 929 2737 incuuram.
958 2684 1063 2739 Trebel
1078 2685 1271 2738 iuePolliode

97 2757 267 2811 Poatbnmio
284 2755 406 2807 iuniore:
433 2756 462 2805 in
478 2754 575 2806 bonore
591 2755 648 2805 eiua
667 2758 814 2823 Augnetur.
849 2752 986 2806 Minutioa
1003 2752 1096 2805 Felix:
1122 2756 1213 2822 inepta
1228 2770 1272 2804 ro-

99 2828 171 2879 latia
188 2844 206 2877 a
221 2825 307 2893 poetic
322 2824 350 2873 in
368 2822 507 2874 dulcedine
524 2822 649 2873 earminir
663 2820 733 2872 lura.
768 2820 882 2872 Soliaua
901 2838 924 2871 c.
939 2826 964 2873 2.
983 2822 1108 2873 limatum
1125 2838 1143 2871 a
1164 2820 1272 2873 Graecia

97 2896 128 2946 in
146 2895 244 2945 bonore
264 2892 358 2943 ilerae.
399 2906 422 2942 e.
440 2892 482 2941 44:
509 2890 540 2941 ln
557 2888 632 2940 cuiue
648 2889 774 2940 memoria
790 2922 833 2939 ...
853 2888 940 2939 lacurn
955 2890 1069 2956 popular
1088 2889 1188 2939 circuit.
1227 2887 1272 2941 lta

97 2962 251 3027 utrobique
268 2960 336 3010 blaa.
356 2957 531 3009 Sabaliaatea
549 2956 641 3007 dratir
664 2957 761 3007 Canem
782 2955 902 3008 Procridi
917 2957 945 3007 in
963 2955 1059 3007 bonore
1076 2955 1176 3007 datum.
1210 2952 1273 3006 Me-

97 3030 158 3082 lior
179 3036 271 3080 tamen
295 3025 457 3076 membrana
478 3024 583 3077 omiaao
603 3023 642 3095 τῷ
660 3023 688 3073 in
705 3022 828 3074 attendit
846 3023 1019 3075 Mercablum
1037 3022 1066 3075 la.
1086 3022 1103 3073 l.
1123 3038 1204 3075 urum
1223 3038 1272 3091 ep·

97 3096 217 3165 exegeai
234 3100 338 3147 rtatuar
355 3093 599 3153 remunerationem,
617 3107 670 3158 quo
689 3090 734 3142 rin
754 3108 798 3141 rna
816 3096 899 3165 teneo=
912 3090 979 3159 quin
997 3090 1165 3144 declinem.“
1184 3090 1272 3143 (leon.

98 3192 132 3203 -
153 3172 192 3216 ert
208 3163 316 3215 uirtutie
333 3160 363 3210 F.
386 3188 414 3198 -
437 3160 574 3227 triumpho
595 3158 644 3225 ng.
664 3186 697 3198 -
721 3159 808 3209 lauria
829 3158 862 3208 F.
1015 3163 1040 3211 8.
1076 3176 1129 3221 me,
1151 3159 1270 3225 inquit,

136 3234 227 3284 aniam
254 3228 325 3280 lidd.
347 3226 488 3281 asanaa.
530 3226 631 3293 (inquit
658 3242 711 3281 om.
741 3224 904 3288 Burnum.
928 3252 962 3265 ·-
988 3228 1043 3279 iam
1070 3228 1175 3281 tertium
1201 3226 1273 3279 diem'

125 3337 133 3352 .
168 3299 277 3351 tercium
297 3298 353 3347 iam
371 3296 439 3346 diem
462 3294 513 3345 lib.
552 3295 730 3345 tertineriam
751 3294 922 3359 (omeliam)
944 3294 1020 3345 ΕΜ.
1044 3321 1077 3334 -
1099 3300 1169 3347 eunt
1192 3300 1270 3361 (nup.

96 3370 204 3427 minue)
225 3364 257 3416 Ρ.
281 3390 315 3403 -
336 3363 416 3415 dicit
435 3368 461 3414 et
478 3368 563 3414 cetera
583 3360 613 3411 F.
652 3368 677 3413 et
695 3370 799 3413 anetem
815 3362 969 3431 prorepui
991 3360 1072 3416 rssialr
1096 3362 1131 3429 (b
1148 3362 1177 3413 in
1198 3376 1269 3429 mg.r

95 3472 104 3497 ,
154 3433 244 3501 crepui
264 3430 395 3496 antiquae
415 3430 502 3480 codex
519 3444 573 3481 non
592 3429 679 3481 babet
695 3434 724 3479 et
740 3430 852 3482 ridetur
870 3430 1095 3491 inculcatum.“).
1117 3458 1152 3468 -
1173 3430 1271 3481 dieane

123 3540 130 3554 .
151 3527 186 3540 -
208 3501 346 3553 etabiiiora
363 3513 418 3549 eree
437 3496 471 3548 (l.
492 3522 527 3536 -
552 3498 639 3547 aerbir
656 3498 726 3562 (orn.
744 3498 814 3561 eiua)
834 3496 913 3549 lr'l'n.
1068 3500 1093 3549 4.
1136 3496 1190 3547 Sed
1208 3494 1269 3562 pua]

97 3570 196 3622 Somn.
216 3566 274 3630 Ill,
297 3570 376 3617 1.-
397 3565 546 3616 tutandum
568 3564 612 3615 lta
628 3579 645 3615 a
663 3582 689 3631 p.
709 3581 745 3615 m.
783 3566 933 3617 tutandam
956 3562 986 3615 F.
1025 3562 1161 3617 tuendam
1181 3560 1210 3613 S.
1238 3568 1270 3601 -'

95 3635 313 3689 manauerint
331 3631 560 3699 ultrum-gd.
593 3633 785 3684 ammantat
801 3632 845 3681 ltu
861 3632 898 3692 (ll
915 3647 932 3682 a
950 3647 1005 3683 aec.
1022 3634 1074 3689 ιιι)
1093 3630 1171 3681 ι-ΙιΡ.
1207 3644 1270 3681 rer-

96 3705 196 3757 norint
209 3703 239 3755 S.
274 3698 617 3765 consecrarintliapm.
634 3724 668 3738 -
685 3700 822 3765 definitum
835 3694 1173 3749 usurartussaauantr
1190 3712 1271 3759 „rne·
1360 3708 1368 3725 ·

95 3772 188 3825 liorea
206 3768 294 3823 libri“
314 3769 401 3820 Gran.
436 3768 596 3835 diffinitum
614 3766 645 3819 p,
683 3774 713 3820 et
730 3766 868 3833 definitum
884 3765 955 3817 an.
973 3790 1008 3803 -
1029 3766 1185 3835 renpiterna
1204 3778 1274 3816 aera

131 3925 160 3974 Ξ.
195 3923 223 3974 in
241 3919 494 3988 interamnanam·
508 3934 661 3971 remunera·
745 3924 849 3969 mutuae
893 3916 979 3967 lumba
1005 3914 1179 3983 intumentes]
1208 3912 1269 3967 Vid.

94 3989 207 4108 tionem)
236 3986 660 4049 ct.cta.daotn1‚ea,ro=
709 3984 862 4053 Piluglr.a
902 3984 1218 4051 Earip.1lndrom.267
1241 3986 1270 4036 et

6 4097 10 4103 ·
98 4058 158 4111 Nea
174 4074 236 4125 pur
249 4058 395 4124 Africanae
411 4054 561 4123 ringularie
578 4060 604 4104 et
620 4052 661 4103 air
710 4050 836 4103 Turneb.
853 4052 967 4103 Advera.
986 4051 1102 4117 1x‚14,
1120 4050 1168 4117 qui
1185 4049 1271 4104 affert

95 4132 124 4178 et
142 4127 329 4193 imperatorin
342 4122 520 4175 ueeindenrla
540 4120 661 4171 Numan·
710 4120 785 4171 Plut.
810 4119 845 4170 de
872 4120 981 4170 delecto
1007 4134 1083 4171 orac.
1106 4136 1133 4185 p.
1159 4121 1211 4170 426
1234 4120 1258 4170 B

719 4180 735 4201 ΙΙ
840 4178 849 4201 2
876 4181 885 4201 Ι
1131 4186 1143 4203 u

94 4196 139 4246 tin
154 4193 333 4259 reipublicae
348 4192 459 4260 profuit,
475 4204 554 4257 anam
571 4188 660 4239 eadem
710 4198 801 4253 ωσπερ
831 4187 975 4253 aralunae
1004 4187 1190 4253 npaonioaaar
1222 4204 1257 4238 aa

93 4267 215 4329 tempere
244 4260 275 4311 P.
304 4259 405 4311 Norica
432 4258 568 4325 priuatae.
601 4270 661 4306 eunt
711 4248 915 4321 συντήκεται
933 4248 1080 4323 βάσεσιν.
1119 4254 1194 4307 Fine
1218 4255 1269 4306 ed·

99 4327 148 4379 Ti.
172 4327 350 4379 Graceltum
372 4326 510 4377 interemit.
550 4322 580 4374 P.
602 4322 660 4374 Na·
709 4322 840 4373 umbrata
875 4320 945 4373 dicit
980 4323 1121 4374 Pontanoa
1158 4320 1279 4375 uiuenti·

94 4394 160 4446 nien
182 4394 235 4446 ille
258 4394 316 4446 init
339 4394 370 4446 Ρ.
392 4391 542 4446 corneliae
562 4389 660 4459 Scipio
709 4387 840 4440 Gaeaaria
862 4390 950 4443 verbe
970 4392 1044 4460 apud
1064 4390 1195 4445 Tacitum
1214 4390 1271 4441 Aa·

93 4461 204 4516 Nealce
221 4460 348 4530 nampio.
708 4457 766 4511 nel.
784 4456 821 4510 lv
837 4458 872 4527 [c.
889 4458 942 4527 88].
