2942 4859
264 87 400 155 GOMM.
420 88 465 154 IN
484 85 612 157 SOMN-
630 84 730 156 SCIP.
772 88 848 155 LIB.
873 89 896 152 Ι.
941 88 1030 155 GAP.
1053 91 1124 167 Vl,
1225 92 1267 157 39

94 254 148 321 ilia
166 261 215 321 est
234 276 322 321 mens
341 277 380 323 cn
399 277 523 323 summa
544 264 616 323 nata
635 256 704 333 dec,
724 276 805 344 quac
826 256 908 324 vices
928 240 1104 343 temporum
1123 260 1315 339 nesciendam

94 340 128 405 iu
149 361 214 405 unc
234 362 355 427 semper
375 343 461 427 qued
481 342 569 409 adest
587 341 727 419 consistit
747 364 839 420 aeuo,
879 362 1030 428 cumque,
1060 351 1170 429 utpote
1193 366 1263 421 una,

93 446 156 489 non
175 426 216 489 sit
233 426 298 511 ipsa
319 428 529 503 numerabilia,
548 427 726 492 innumerae
744 435 848 493 tamen
867 449 1015 513 generum
1033 430 1151 513 species
1173 429 1263 493 etde

92 530 127 575 se
145 519 231 576 creat
252 519 284 577 et
304 511 386 578 iutra
408 532 443 577 ee
462 512 611 578 continet
654 511 730 577 lude
756 533 882 599 quoque
908 512 1004 579 aciem
1031 514 1190 599 paululum
1211 535 1263 579 cc·
1291 519 1313 583 9

91 594 248 679 gitaticuis
276 597 428 663 inclinans
455 597 534 663 banc
568 597 700 662 monada
727 597 884 696 repperies
912 596 950 662 ad
982 598 1116 665 enimam
1145 598 1262 663 referri.

90 679 209 779 Anima·
229 682 313 747 enim
338 682 438 747 aliena
460 702 477 747 a
497 681 647 748 silvestris
675 690 858 767 centagrcne
885 683 1045 760 materiae,
1081 691 1202 749 tantum
1227 706 1261 749 se

90 773 210 831 auctori
232 787 289 833 suc
309 788 347 833 ac
365 767 424 833 sibi
445 768 576 845 debens,
617 766 788 852 simplicem
811 767 920 833 sortita
942 776 1098 845 naturam,
1134 790 1203 834 cum
1228 790 1261 835 sc

89 850 271 917 animandae
291 852 479 919 inmensiteti
502 852 710 920 universitatis
730 850 886 931 infundat,
924 852 1044 918 nullum
1073 854 1131 917 init
1156 863 1260 918 tamen

89 957 163 1001 cum
184 958 240 1001 sua
259 938 378 1004 unitate
398 938 572 1005 divortium.
616 934 726 1016 Vides,
754 946 790 1005 ut
810 937 886 1003 baec
908 958 1016 1003 monas
1037 946 1103 1002 orte
1125 959 1142 1002 a
1163 939 1262 1023 prima

88 1042 197 1089 rerum
216 1042 309 1087 causa
331 1044 431 1109 usquc
452 1025 490 1090 ad
510 1025 645 1089 enimam
669 1024 785 1110 ubique
810 1024 929 1109 integra
950 1030 983 1087 et
1007 1042 1129 1107 semper
1152 1021 1263 1087 indivi-

88 1106 153 1173 dua
175 1107 438 1175 continuationem
463 1108 623 1196 potestatis
644 1109 791 1196 optineat
838 1111 923 1175 Haec
946 1107 985 1173 de
1013 1107 1145 1173 monade
1173 1106 1261 1173 casti·
1274 1107 1314 1172 10

88 1191 193 1291 getius
212 1213 306 1277 quam
325 1215 359 1260 se
379 1195 468 1280 copia
487 1194 692 1345 capperebat·
720 1197 785 1262 Nec
805 1202 836 1260 te
859 1194 1047 1273 remordeat,
1069 1192 1169 1279 qued,
1190 1213 1261 1257 cum

88 1298 177 1346 cmm
199 1300 329 1345 numero
351 1301 492 1366 pracesse
514 1302 543 1347 vr
565 1287 662 1357 catur,
683 1302 715 1346 m
738 1281 955 1346 coniunctione
975 1279 1138 1365 praecipue
1160 1287 1261 1364 septe·

88 1363 168 1428 uarii
195 1364 402 1449 praedicetur:
438 1366 515 1431 nrdii
543 1365 627 1431 enim
653 1366 769 1453 aptius·
784 1365 921 1449 iungitur
949 1386 1056 1430 monas
1084 1364 1262 1450 incorrupta

88 1469 185 1534 quarn
205 1450 326 1535 virgini.
368 1451 450 1516 Huic
469 1460 573 1515 autem
599 1471 746 1528 numerc·,
770 1450 801 1515 id
822 1458 870 1515 est
887 1450 1077 1545 septenario,
1097 1448 1174 1513 adeo
1195 1448 1309 1531 cpi-ll

88 1532 144 1598 nic
168 1534 350 1619 virginitatis
373 1535 516 1611 inclevit,
544 1543 580 1601 ut
598 1534 699 1599 Pedes
720 1554 847 1620 quoque
867 1540 1027 1599 vocitetur.
1075 1534 1153 1598 Nam
1176 1532 1262 1613 virgo

86 1619 243 1696 creditur,
265 1619 338 1704 quia
359 1620 480 1685 nullum
500 1640 537 1683 ex
559 1640 592 1688 sc
614 1619 694 1703 parit
711 1638 876 1683 numerum
900 1617 1087 1701 duplicatus,
1109 1617 1163 1700 qui
1184 1616 1265 1679 intra

86 1704 254 1769 denarium
277 1711 443 1781 coartetur,
466 1724 560 1789 quem
580 1702 716 1789 primurn
739 1702 869 1767 limitem
890 1709 1010 1767 constat
1031 1720 1097 1765 esse
1120 1718 1264 1764 numero·

85 1807 178 1855 rum:
208 1788 311 1853 Pallas
332 1788 416 1864 ideo,
439 1788 512 1873 quia
532 1810 571 1852 er
592 1787 688 1853 solius
710 1786 850 1852 monadis
872 1785 938 1851 ictu
959 1794 990 1851 et
1011 1783 1265 1869 multiplicatione

109 1873 258 1949 recessit,
300 1872 380 1939 sicut
402 1872 544 1940 Minerua
570 1873 636 1937 scia
667 1893 706 1937 ex
731 1894 795 1938 uuo
823 1880 949 1957 parente
978 1876 1049 1935 nata
1076 1868 1265 1953 perhibetur.

85 1896 240 2025 banerias
260 1978 344 2034 vero,
366 1958 420 2043 qui
443 1978 515 2023 cum
536 1977 600 2023 uno
620 1958 804 2023 coniunctus
826 1956 1033 2042 septenarium
1059 1953 1139 2030 iacit,
1162 1951 1314 2020 variae12

87 2065 125 2109 ac
150 2042 508 2128 multiplicia-religionis
528 2050 560 2108 ct
582 2042 736 2128 potentiae
757 2050 820 2108 est:
857 2042 990 2127 primum
1013 2040 1097 2127 quod
1117 2040 1201 2105 solus
1224 2062 1265 2105 en
1305 2096 1307 2102 s

87 2127 237 2195 omnibus
258 2128 394 2193 numeria
416 2128 470 2213 qui
496 2127 575 2192 intra
596 2127 701 2193 decem
722 2135 796 2193 sunt
823 2126 862 2193 de
886 2127 950 2194 suis
976 2126 1114 2213 partibus
1134 2134 1263 2190 constat.

89 2213 195 2280 Habet
215 2212 298 2277 enirn
319 2213 515 2279 medietatem
536 2221 568 2277 et
588 2213 709 2277 tertiam
732 2222 849 2298 partem
872 2220 904 2277 ct
925 2223 1042 2277 sextam
1064 2220 1198 2296 partem:
1231 2218 1263 2274 et

89 2308 140 2365 est
162 2297 310 2363 medietas
329 2299 404 2376 tria,
425 2297 515 2363 tertia
537 2318 606 2381 pars
625 2297 702 2374 duc,
724 2306 811 2363 sexta
832 2316 902 2383 pars
921 2318 1034 2361 unum:
1056 2316 1136 2379 quae
1156 2294 1314 2372 ¹omnialael

89 2383 183 2451 simui
207 2404 262 2449 sex
283 2383 408 2448 faciunt
450 2382 553 2447 Habet
574 2390 604 2446 et
626 2382 687 2447 aiia
709 2403 783 2448 suae
803 2380 1009 2447 venerationis
1035 2379 1163 2443 indicia:
1200 2379 1263 2454 aed,

91 2490 132 2535 ne
156 2468 277 2554 longior
296 2468 385 2533 iaciat
401 2487 504 2531 sermo
523 2466 688 2543 fastidium,
704 2487 802 2533 unum
824 2488 862 2531 ex
879 2464 1024 2530 omnibus
1043 2463 1111 2525 eius
1128 2460 1263 2526 officium

91 2575 326 2641 persequemur,
344 2552 429 2640 quod
450 2550 520 2616 ideo
538 2550 749 2637 praetulimus,
769 2550 840 2638 quie
861 2549 921 2615 boc
940 2554 1182 2613 commemorate
1200 2566 1264 2611 ncn

890 2739 974 2803 [ΕΜ.
991 2737 1196 2806 uicabgapdzb.

90 2860 123 2873 -·
144 2838 204 2901 pcst
221 2834 290 2893 (cm.
309 2828 400 2889 dcam)
417 2826 447 2881 b.
464 2852 498 2865 -
516 2842 573 2879 m
584 2828 693 2891 frartra
708 2824 851 2878 t=bPBart.
869 2852 902 2864 -
922 2826 995 2877 Ilaec
1014 2830 1053 2876 eet
1069 2824 1119 2874 itta
1134 2822 1165 2874 F.
1183 2848 1214 2859 -
1234 2836 1265 2873 ex

89 2906 274 2953 cammenata
292 2895 486 2956 Banasam,
506 2896 541 2946 ci.
558 2894 607 2945 ini.
627 2894 641 2959 ᾗ
659 2899 701 2945 2⁰.
720 2902 749 2945 et
768 2911 791 2945 c.
808 2896 840 2956 2,
858 2892 928 2959 514,
964 2906 1094 2943 aramma
1110 2897 1177 2941 nata
1193 2888 1264 2939 Bau.

90 2968 178 3035 cairg.
219 2983 250 3017 cx
271 2982 372 3016 aarum
393 2970 478 3016 cauta
498 2962 648 3013 Rieu-nr.
686 2978 718 3012 ex
739 2976 839 3013 eamme
862 2968 947 3012 enata
968 2976 985 3009 v
1007 2962 1052 3019 (vl
1077 2963 1206 3018 aemma).
1230 2983 1264 2994 -

91 3052 160 3089 aava
177 3034 294 3087 ccasiatit
313 3031 343 3082 F.
366 3057 402 3070 -
424 3032 459 3083 rit
475 3030 535 3095 ipsa
551 3029 751 3082 innumerabilia
769 3030 845 3093 (cap.
863 3029 891 3079 ia
909 3028 972 3081 add.
989 3028 1056 3093 noa)
1074 3025 1125 3076 RQ.
1148 3052 1181 3063 -
1204 3024 1266 3091 ipsc

90 3121 147 3156 am.
172 3119 233 3168 v-g.
257 3127 289 3139 -·
310 3098 520 3151 innumerabiles
535 3094 568 3149 F.
594 3123 628 3134 -
650 3098 791 3149 continent
815 3096 846 3146 Ρ.
997 3098 1023 3145 9.
1059 3094 1120 3145 acic
1139 3092 1209 3144 Bere.
1229 3117 1264 3129 -

90 3171 210 3225 ncaadc
228 3166 343 3219 FRle
362 3166 401 3226 (B
419 3169 525 3225 meac).
558 3164 707 3216 monadem
723 3160 953 3215 ROEddSPBrn.
970 3189 1005 3198 -
1018 3162 1114 3228 referri
1132 3157 1264 3212 araret

91 3238 181 3307 egli.
215 3252 313 3303 peace
330 3235 425 3301 referri
439 3232 648 3284 Sine-ismae.
667 3260 700 3269 -
717 3233 835 3284 sortitur
847 3230 898 3283 Rr.
914 3258 947 3267 -
964 3230 1146 3283 univcrsitatis
1161 3230 1264 3281 inmen-

91 3310 172 3361 sitate
191 3302 305 3355 aenan
332 3330 360 3341 -
384 3300 432 3352 aui
448 3302 553 3352 unitate
569 3297 641 3350 Rea.
662 3328 697 3339 -
717 3301 805 3369 prima
824 3304 892 3360 (cm.
911 3301 942 3357 a)
962 3314 995 3349 ex
1015 3298 1090 3350 edite
1109 3292 1266 3415 exernKiarl

92 3382 139 3439 (a)
155 3372 241 3426 affert
259 3370 333 3422 ator.
351 3367 385 3422 N.
401 3368 434 3419 12.
453 3385 479 3434 p.
499 3370 540 3417 ³0.
563 3392 595 3405 -
619 3368 656 3417 ed
678 3385 761 3435 arque
784 3366 928 3430 Fara-pe
950 3366 1170 3429 „membranae“
1205 3362 1264 3414 lud.

93 3446 110 3495 Ι.
133 3460 157 3494 c.
176 3468 209 3480 -
227 3440 367 3508 integram
385 3444 410 3488 ct
432 3452 531 3503 temper
547 3434 718 3486 indiuiduam
734 3436 893 3497 „mcrrrbr.“
910 3434 986 3485 Mad·
1007 3435 1026 3484 Ι.
1046 3451 1069 3485 c.
1222 3433 1264 3480 10.

92 3506 348 3641 cecitate
365 3502 630 3639 texebam
651 3504 848 3623 scete
861 3499 1167 3631 ‘ezez.at⁰.tt..
1187 3558 1264 3612 M...

92 3646 113 3698 Ι.
134 3664 159 3698 c.
186 3648 309 3695 censent.
331 3640 417 3692 Grau.
460 3639 519 3690 acic
547 3654 607 3705 v-g.
634 3665 667 3676 -
691 3638 750 3689 acta
769 3638 887 3689 minerve
914 3634 965 3685 R2.
1117 3632 1157 3679 12.
1197 3626 1264 3678 iun-

95 3722 152 3767 ctus
179 3713 230 3763 rte
260 3738 294 3750 --
321 3710 409 3762 caium
434 3707 514 3771 v-gG
538 3706 610 3772 qued
635 3704 740 3756 delevit
761 3703 874 3755 Medius
904 3702 921 3751 Ι.
943 3717 967 3749 c.
1012 3692 1074 3763 „Td
1100 3696 1172 3748 salus
1197 3710 1265 3745 carc

94 3780 238 3834 mcvce1.“
262 3778 347 3829 Gran.
372 3803 399 3813 -
423 3775 495 3826 intre
512 3772 664 3825 Menbdm
683 3771 904 3835 ,‚membrauac“
920 3764 993 3817 mod.
1014 3766 1032 3815 Ι.
1052 3782 1075 3815 c.
1097 3763 1185 3830 „Mac
1204 3778 1265 3813 cm-

95 3851 165 3901 nea“
181 3847 266 3899 Gran.
283 3844 331 3911 qui
351 3840 461 3895 cenicrt
478 3841 492 3908 5
509 3844 549 3891 ll.
567 3842 639 3893 intra
655 3840 802 3890 denarium.
837 3838 919 3901 infra
936 3850 992 3885 m.
1012 3860 1039 3870 -
1060 3849 1096 3885 cr
1111 3831 1166 3882 ruia
1182 3826 1214 3880 F.
1233 3856 1262 3866 -

96 3924 125 3970 ct
142 3916 308 3968 medietatem
328 3912 380 3962 Μ.
533 3910 573 3958 13.
603 3904 908 3973 lacictcm.11(add.
927 3916 1015 3952 auec.
1036 3916 1072 3949 m.
1093 3899 1139 3965 F).
1167 3924 1190 3933 -
1212 3898 1263 3961 sa·

96 3986 150 4037 cict
166 3999 253 4036 merc
271 3979 342 4032 Bra.
360 4004 392 4017 -
406 3975 549 4041 fastidiam
565 3982 701 4044 generet
717 3974 753 4026 H.
770 4000 805 4014 ·-
819 3970 991 4043 prctaiimar
1005 3965 1075 4020 Βιι.
1089 3994 1123 4006 -
1140 3980 1188 4017 aaa
1203 3972 1265 4017 tuc-

103 4158 173 4207 .1c.
209 4153 277 4206 cauti
298 4147 380 4215 atina]
413 4145 433 4198 i.
462 4160 489 4195 a.
518 4142 655 4209 pressius,
705 4142 768 4193 dem
791 4146 873 4208 pacto
891 4140 1047 4204 Vulcanus,
1075 4138 1159 4191 etiam
1177 4137 1265 4203 Mars,

96 4222 220 4275 brevius.
253 4213 570 4281 Srcduguctin.dnctr.
588 4210 656 4263 chr.
706 4212 837 4275 dicenter
865 4208 965 4260 lunoni
995 4210 1050 4259 duc
1076 4207 1188 4259 nomina
1216 4209 1265 4258 de-

97 4289 148 4349 lv,
167 4292 209 4341 la.
227 4288 298 4341 dicit
313 4282 474 4353 castigatius
491 4280 587 4348 eicqai.
705 4281 803 4331 bere.“
837 4277 929 4329 Gaea.
972 4276 1124 4328 Vulcanum
1160 4275 1265 4327 lunone

135 4360 174 4409 11.
216 4356 275 4410 ata
300 4371 333 4406 cx
351 4368 412 4404 aaa
438 4356 549 4417 parente
577 4346 658 4416 cate]
705 4348 767 4398 acie
799 4344 926 4413 genitum
961 4345 1116 4396 retulerunt
1149 4344 1266 4397 llcsicd.

99 4422 191 4487 „Nota
202 4420 347 4476 Haerebis
363 4436 418 4471 acu
430 4416 580 4469 convenire
591 4432 656 4469 cum
706 4415 819 4483 Tbecg.
836 4417 896 4467 92⁴1.
932 4410 1266 4476 Aotrod.bibt.1‚a,e.

98 4490 177 4561 aliis,
190 4490 294 4561 qniim
308 4494 420 4559 praeter
435 4485 592 4541 Minervam
610 4500 657 4539 ec·
706 4482 830 4539 Martem
850 4480 931 4537 Ouid.
948 4428 1025 4536 dest·
1045 4481 1075 4545 V,
1092 4484 1154 4532 229.
