2942 4859
484 1423 1041 1523 Puuuua'rlo.

685 1610 837 1619 ...η-...υ-

150 1764 239 1849 Per
257 1778 320 1846 duo
341 1780 472 1867 amplius
493 1780 596 1847 secula
614 1778 740 1845 adversa
760 1780 882 1849 lortuna
901 1802 977 1849 usus
996 1792 1044 1850 est
1058 1784 1242 1850 Macrobius.
1277 1784 1368 1850 hlulti

149 1902 189 1947 ex
214 1880 281 1947 eius
305 1880 390 1947 lonte
414 1881 594 1961 hauserunt,
630 1880 684 1948 aed
706 1882 823 1949 exstitit
847 1903 940 1951 nemo
964 1884 1019 1972 qui
1043 1886 1118 1951 limo
1143 1884 1226 1952 hunc
1249 1886 1365 1953 iontem

147 1988 307 2069 purgaret,
343 1992 526 2071 curaretque
552 2002 616 2071 quo
641 1982 805 2071 liquidiore
829 1985 939 2052 haeret
962 2004 1052 2074 aqua.
1095 1988 1274 2076 Attigerunt
1298 1990 1366 2076 qui-

147 2084 220 2150 dem
241 2104 307 2150 rem
328 2084 515 2173 complures,
549 2084 603 2152 sed
627 2085 801 2153 valetudine
821 2086 899 2152 alius
920 2086 1085 2175 impeditus
1106 2098 1166 2167 cst,
1200 2091 1366 2177 quominus

147 2208 231 2265 eam,
254 2194 291 2251 ut
311 2186 414 2265 vellet,
441 2186 614 2273 perliceret,
637 2185 714 2253 aliua
738 2186 776 2253 ad
797 2196 918 2255 tantum
940 2210 1003 2255 non
1023 2190 1189 2277 perlectam
1212 2192 1365 2258 levissimo

149 2288 243 2355 modo
268 2286 396 2354 accessit
420 2309 503 2366 sero,
519 2312 522 2317 ·
538 2288 589 2354 alii
615 2288 689 2355 satis
712 2287 886 2355 hahuerunt
919 2289 1019 2357 moliri
1050 2299 1083 2357 ot
1114 2312 1221 2377 parare
1253 2293 1365 2359 instru-

148 2398 266 2469 menta,
299 2409 340 2456 ne
362 2388 572 2475 aggredientes
597 2390 721 2477 quidem
747 2390 786 2456 ad
809 2412 888 2477 opus
910 2392 1024 2457 laboris
1045 2390 1202 2477 taediique
1224 2395 1366 2473 multum,

146 2493 320 2560 mercedem
340 2492 591 2579 voluptatemque
614 2490 677 2557 iere
699 2490 814 2557 nullam
834 2492 1012 2568 allatam,
1034 2492 1165 2577 negotiis
1185 2493 1249 2561 eive
1270 2496 1365 2561 maio-
1387 2538 1396 2550 -

146 2597 234 2663 nbus
258 2593 321 2661 sivo
346 2592 531 2679 gratioribus
556 2590 680 2659 distenti
706 2592 743 2679 ¹).
789 2594 834 2657 ht
863 2612 942 2658 nova
972 2612 1046 2658 cura
1074 2614 1153 2680 opus
1179 2616 1247 2661 esse
1272 2616 1364 2663 nemo

146 2696 277 2785 negavit
343 2692 428 2775 Quid
462 2714 536 2781 ergo
573 2694 699 2773 mirum,
739 2692 823 2780 quod
859 2713 941 2760 anno
974 2694 1188 2764 broccum„
1229 2698 1364 2765 Senecm

146 2800 257 2869 edendi
276 2794 404 2864 consilio
426 2795 562 2861 deiectus
581 2795 790 2882 obtemperari
807 2796 900 2862 innan
919 2794 1075 2876 Srnnrmo,
1095 2818 1231 2884 quocum
1258 2820 1276 2863 e
1299 2808 1363 2866 sha-

147 2906 269 2973 diorum
293 2898 504 2965 Plinianorum
529 2898 747 2965 coniunctione
769 2916 877 2961 omnes
899 2896 974 2962 mihi
995 2906 1068 2964 sunt
1086 2898 1238 2965 amicitiae
1258 2921 1363 2967 neces·

146 3005 309 3081 situdines,
334 2999 488 3079 suadenti,
510 3007 547 3065 ut
568 3020 619 3064 me
639 3005 848 3065 converterem
871 2998 910 3061 ad
932 2996 1015 3063 hunc
1035 2997 1214 3087 scriptorem
1237 2999 1291 3066 diu
1308 3024 1362 3068 ne·

145 3106 299 3197 glectuml
335 3102 458 3169 Scilicet
480 3100 601 3167 codices
621 3099 688 3165 eius
706 3098 826 3185 aliquot
847 3118 941 3164 manu
959 3099 1089 3187 scriptos
1110 3102 1150 3167 ab
1172 3101 1197 3166 Ι.
1217 3100 1254 3168 G.
1273 3102 1361 3169 Ku-

147 3230 284 3276 mnanno
308 3202 383 3271 mihi
407 3201 653 3269 subministratos
679 3209 750 3267 ante
781 3201 976 3280 decennium,
1005 3200 1057 3268 illo
1075 3202 1201 3289 quidem
1223 3211 1363 3291 tempore

146 3311 184 3378 ad
205 3306 362 3377 Ciceronis
386 3304 490 3392 potius
510 3302 670 3369 Somnium
695 3302 847 3389 Scipionis
872 3324 964 3389 quarn
989 3302 1028 3369 ad
1049 3302 1198 3370 Macrobii
1221 3314 1361 3393 spectans

146 3406 401 3484 Commentarios,
421 3405 452 3469 in
471 3404 612 3470 manibus
631 3404 797 3470 habueram
817 3404 848 3469 in
868 3403 1052 3471 bibliotheca
1072 3404 1156 3490 regia
1168 3406 1361 3473 Monacensi:

144 3516 224 3582 duos
245 3512 320 3578 alios
341 3506 414 3575 satis
436 3514 587 3585 venetos,
622 3506 752 3573 alterurn
774 3506 842 3573 illos
867 3500 1112 3579 Commentarios
1145 3506 1274 3573 alterurn
1298 3518 1360 3575 tres

145 3614 389 3687 saturnaliorum
406 3609 510 3677 'libros
534 3607 756 3686 continentem,
786 3606 920 3674 videram
947 3608 977 3673 in
1003 3606 1189 3674 bibliotheca
1213 3608 1359 3677 Bamber-

145 3717 240 3805 gcnsi.
283 3714 384 3782 Huius
406 3710 607 3799 praelectum,
635 3708 675 3775 hl.
695 3710 720 3774 1.
743 3710 916 3786 lasanum,
949 3709 1038 3775 cuius
1063 3716 1192 3775 mortem
1217 3731 1280 3776 non
1302 3711 1359 3777 du-

143 3820 210 3886 bito
227 3816 312 3903 ‘quin
339 3834 460 3881 mecum
484 3811 586 3878 doleat
607 3810 748 3898 quisquis
771 3809 820 3876 his
846 3812 934 3877 annis
964 3810 1164 3897 quadraginta
1191 3832 1268 3876 usus
1297 3812 1360 3879 iera

145 3920 266 3987 intactis
286 3926 375 3983 antea
395 3914 453 3980 illis
473 3912 625 3979 thesauris
647 3912 755 3990 sensit,
784 3921 899 3998 quanta
919 3912 1012 3978 luerit
1031 3912 1098 3983 eius
1119 3912 1248 3978 comitas
1266 3922 1361 3999 atque

145 4020 323 4097 liberalitas,
351 4018 484 4107 primurn
508 4014 570 4081 adii
592 4012 748 4101 precihus,
776 4011 955 4078 utiliorum
983 4012 1123 4078 codicum
1149 4012 1224 4079 rnihi
1246 4013 1360 4081 laceret

145 4124 278 4211 copiam,
312 4142 369 4186 nec
400 4117 512 4183 frustra
541 4116 571 4183 id
602 4114 673 4181 leci:
707 4113 817 4181 deinde
842 4114 983 4180 codicum
1009 4114 1239 4183 Monacensium
1267 4137 1358 4183 usum

143 4316 185 4325 ..-
200 4314 258 4321 ,-....
273 4312 319 4319 .-,.
339 4312 353 4317 ..
368 4306 545 4317 ,ω--ι-ω-

215 4395 242 4453 Ι)
262 4393 305 4443 cf.
322 4394 533 4455 protego-eea,
552 4404 577 4453 p.
597 4402 644 4441 nv.
663 4401 725 4454 ega.
