2942 4859
244 142 710 217 conmmsontrtscle.
752 143 874 212 utet
917 144 1115 215 oaexm.
1183 143 1263 213 Ἥ

97 318 143 384 ire
166 317 348 405 permiserit
390 317 462 385 Non
484 316 566 382 enim
592 316 681 383 vitari
707 336 838 403 poenam
860 316 971 384 lnrtira
996 316 1182 385 discessione
1209 320 1264 387 sed

96 424 241 471 crescere.
282 404 351 469 lloc
374 422 499 502 quoquc
521 401 620 482 addit,
655 422 711 467 nos
732 423 800 469 esse
820 402 852 466 in
872 401 1009 468 dominio
1030 403 1160 471 deorum
1185 426 1263 491 quo·

96 510 165 555 rum
192 484 287 554 tulela
311 496 343 553 et
365 487 556 574 providentia
586 488 809 573 gubernamur:
846 488 923 552 nibil
944 497 1048 554 autem
1074 510 1143 555 csse
1165 490 1263 556 inrito

96 574 222 639 domino
244 573 282 639 dc
303 572 351 637 bis
378 594 457 659 quae
477 572 614 658 possidet
634 594 671 638 ex
695 594 732 637 eo
755 572 823 636 loco
843 572 875 635 in
898 594 961 658 quo
984 594 1075 640 suurn
1095 574 1263 641 constitue·

96 666 144 724 rat
165 658 382 724 auferendum:
423 666 454 723 et
480 658 560 723 sicut
587 659 640 743 qui
671 659 763 723 vitam
794 656 947 742 mancipio
973 668 1136 745 extorquet
1162 661 1263 727 alieno

97 744 224 809 erimine
245 764 309 809 non
330 744 459 821 carebit,
489 744 531 807 ita
551 764 622 808 eum
646 743 700 829 qui
723 743 816 807 linem
833 742 896 806 sibi
918 742 1045 808 domino
1065 746 1194 811 necdum
1217 750 1264 814 iu·

96 828 397 914 bentequaesirerit
417 849 479 893 non
501 828 726 894 absolutionem
747 827 896 912 consequi
917 828 971 893 sed
994 836 1121 894 reatum.
1179 835 1263 899 llaec
1293 840 1315 906 9

96 914 272 985 Platonicae
295 921 395 979 sectae
417 914 534 979 semina
557 914 649 979 altius
670 913 813 978 Plotinae
837 913 1011 997 exequitur.
1053 915 1196 1000 Oportet,
1218 920 1264 983 in·

8 1006 11 1011 '
98 999 180 1085 quit,
214 1000 348 1064 animam
370 1006 440 1084 post
462 998 617 1063 bominem
640 998 768 1063 liberam
789 998 945 1083 corporeis
986 1000 1159 1068 accionibus
1181 1005 1265 1069 inve·

97 1084 165 1148 nini.
209 1084 311 1164 Quam
333 1084 386 1171 qui
411 1084 449 1148 de
470 1104 598 1170 corpore
622 1084 774 1151 violenter
800 1083 938 1148 extrudit
961 1020 1089 1150 liberam
1113 1108 1266 1153 essenon

96 1168 219 1255 patitur.
262 1167 325 1249 Qui
347 1170 429 1234 enim
451 1170 508 1233 sibi
532 1191 586 1235 sna
614 1178 723 1255 sponte
750 1190 857 1233 necem
886 1179 1043 1255 comparat
1069 1181 1123 1238 aut
1148 1182 1266 1259 pertae-

98 1274 150 1319 sus
173 1255 361 1320 necessitatis
389 1262 443 1319 aut
469 1261 554 1321 metu
573 1255 753 1340 cuiusquam
781 1254 820 1319 ad
846 1253 905 1318 boc
926 1253 1084 1322 descendit
1108 1267 1164 1324 aut
1183 1259 1266 1335 odio,

98 1359 178 1424 quae
200 1340 303 1405 omnia
328 1339 410 1405 inter
430 1341 590 1426 passiones
615 1339 785 1405 habentur:
825 1360 912 1423 crgo,
948 1341 1006 1405 etsi
1034 1350 1105 1408 ante
1132 1343 1191 1409 luit
1217 1344 1265 1409 bis

98 1424 240 1490 sordibus
260 1445 352 1511 pura,
374 1422 433 1487 boc
454 1426 521 1510 ipso
540 1434 658 1503 tamen,
681 1445 744 1510 qno
762 1423 827 1487 exit
847 1432 982 1498 extorta,
1004 1426 1161 1494 sordescit.
1203 1431 1266 1493 De·

98 1509 169 1574 inde
191 1518 322 1574 mortem
344 1508 456 1575 debere
476 1510 520 1575 ait
540 1511 660 1575 animae
681 1530 698 1573 a
721 1528 850 1593 corporo
874 1508 1059 1574 solutionem
1080 1532 1163 1589 esse,
1202 1534 1267 1577 non

97 1594 270 1661 vinculum:
292 1594 379 1659 exitu
400 1604 502 1659 autem
525 1602 630 1659 coacto
652 1594 785 1657 animam
806 1594 885 1656 circa
907 1613 1018 1677 corpus
1038 1596 1134 1678 magis
1155 1596 1319 1680 magis-[ec]

97 1700 161 1766 que
181 1679 298 1745 vinciri.
340 1680 382 1743 Et
402 1697 509 1744 revera
530 1678 600 1743 ideo
618 1677 662 1742 sic
683 1685 822 1741 extortae
841 1676 962 1741 animae
982 1677 1036 1743 diu
1055 1680 1134 1744 cirea
1156 1701 1267 1767 corpus
1280 1692 1320 1757 10

95 1765 205 1830 eiusve
226 1763 416 1849 sepulturam
439 1764 486 1828 rel
510 1762 611 1828 locum
632 1763 749 1848 inquo
772 1762 882 1826 iniecta
899 1783 1009 1826 manus
1034 1772 1082 1828 est
1101 1786 1268 1851 pervagan-

96 1858 166 1915 tur:
188 1870 257 1913 cum
281 1856 387 1913 eontra
406 1847 476 1912 illae
498 1850 627 1924 animae,
648 1868 729 1934 quae
749 1868 783 1911 se
800 1847 832 1911 in
854 1846 993 1912 bacrita
1012 1848 1179 1918 avinculis
1202 1872 1268 1917 cor·

97 1934 183 2022 poris
203 1932 416 2031 philosophiae
438 1942 537 1999 morte
557 1932 742 2008 dissolvunt,
769 1932 868 1997 adbuc
889 1940 1014 1997 extante
1033 1955 1163 2021 corpore
1181 1937 1267 2002 caelo

97 2027 131 2085 et
152 2019 304 2084 sideribus
323 2026 506 2083 inserantur.
548 2019 592 2085 Et
612 2018 682 2083 idco
701 2018 785 2081 illam
807 2017 902 2083 solam
923 2017 963 2083 dc
982 2018 1164 2086 voluntariis
1186 2044 1268 2087 mor·

98 2105 184 2170 tibus
205 2102 355 2188 significat
382 2124 449 2168 esse
477 2102 677 2181 laudabilem,
711 2122 791 2189 quae
819 2111 1028 2188 comparatur,
1059 2114 1096 2171 ut
1123 2106 1268 2186 diximus,

98 2188 312 2339 philosophiae
333 2188 467 2266 ratione,
493 2209 556 2253 non
574 2189 670 2264 lerro,
700 2187 879 2274 prudentia,
904 2209 967 2253 non
988 2210 1117 2255 veneno.
1172 2194 1317 2264 additu

100 2275 194 2343 etiam
215 2273 297 2339 llam
320 2274 416 2340 solam
443 2294 511 2339 esse
536 2274 706 2340 naturalem
729 2281 877 2349 mortem,
916 2273 971 2338 ubi
991 2294 1103 2361 corpus
1123 2278 1268 2355 animam,

100 2381 166 2427 non
193 2360 294 2425 anima
322 2378 450 2444 corpus,
479 2357 634 2443 relinquit
677 2357 807 2423 Constat
827 2357 910 2421 enim
930 2377 1131 2423 numerorum
1153 2371 1269 2426 certem

100 2446 362 2529 constitutamque
382 2444 533 2508 rationem
561 2444 679 2508 animas
700 2442 818 2505 sociare
842 2441 1032 2526 corporibus
1075 2443 1116 2506 lli
1148 2446 1269 2511 numeri

100 2531 177 2597 dum
200 2537 379 2616 supersunt,
414 2535 590 2612 perseverat
609 2546 721 2611 corpus
743 2525 886 2589 animari:
927 2544 998 2589 cum
1018 2545 1091 2590 vero
1113 2526 1270 2609 deliciunt,

100 2638 177 2683 mox
196 2615 326 2680 archana
347 2612 398 2680 illa
418 2612 464 2677 vis
487 2611 625 2698 solvitur,
645 2631 705 2695 qua
727 2610 856 2675 societas
874 2610 940 2694 ipsa
960 2611 1133 2680 constabat:
1159 2623 1192 2680 et
1210 2614 1271 2681 boc

100 2700 260 2786 estquod
288 2697 384 2765 fatum
411 2704 444 2761 et
468 2695 568 2761 fatalia
597 2696 679 2762 vitae
706 2701 846 2781 tempora
867 2714 1022 2761 vocamus.
1062 2697 1322 2785 Animaerg012

99 2789 170 2875 ipsa
190 2808 254 2852 non
274 2784 391 2864 delicit,
417 2782 531 2869 quippe
551 2801 630 2871 quae
648 2780 820 2847 inmortalis
839 2787 932 2868 atque
949 2787 1099 2869 perpetua
1120 2792 1182 2867 est,
1216 2787 1271 2851 sed

899 2998 983 3063 [uod.
999 2997 1205 3069 rlcsbgspdzb.

100 3092 167 3148 inde
181 3090 214 3143 11.
239 3117 267 3128 -
292 3088 462 3141 abscessione
482 3088 532 3139 Rss.
554 3114 590 3127 -
610 3087 640 3139 in
656 3085 717 3138 dno
735 3084 811 3152 (unp.
829 3084 959 3151 domicio)
978 3082 1010 3134 F.
1033 3110 1067 3124 ·-
1087 3086 1274 3143 doarium·

140 3176 213 3213 oram
232 3158 284 3209 111.
319 3158 371 3208 dci
388 3154 619 3207 ocioaldum-
635 3152 842 3207 arsidianus.
859 3180 894 3194 -
911 3153 978 3206 arisi
993 3154 1051 3207 boc
1066 3170 1122 3207 cuc
1138 3162 1214 3225 (sup.
1229 3160 1274 3211 m·-

121 3224 579 3288 r'toummusa-domieouon
598 3222 771 3275 iubentem.
906 3227 932 3274 9.
968 3220 1234 3291 PlotinurJEnnoad.
1250 3228 1273 3292 l,
1306 3276 1310 3284 ,
1381 3260 1387 3272 ,

99 3298 154 3353 lib.
164 3294 213 3347 lx.
224 3320 258 3333 -
269 3294 359 3344 debore
371 3293 477 3343 animae
487 3292 525 3342 ott
536 3291 587 3341 Ra.
725 3294 767 3340 1⁰.
803 3288 892 3341 eiusce
901 3291 1088 3358 sepulchrum
1099 3292 1150 3344 ΕΙ.
1160 3318 1196 3333 -
1204 3312 1274 3361 qm

99 3368 132 3419 ἔτι
148 3365 218 3431 (om.
241 3362 282 3425 re)
302 3359 385 3427 ccbg.
406 3372 439 3397 -⁴
456 3360 571 3426 corporis
588 3356 727 3409 FSR12Gi
744 3355 868 3425 „Anglf‘
900 3360 1042 3426 corporcis
1059 3360 1221 3413 rc-bl’Bn.
1238 3390 1274 3404 -
1308 3376 1312 3383 ·

100 3432 300 3487 dissolvuntur
316 3442 379 3495 v-g.
395 3455 430 3466 -
448 3426 530 3478 dicit
546 3442 601 3477 erre
616 3426 689 3478 lond.
707 3424 739 3477 1⁸¹.
757 3447 791 3465 -·
806 3432 837 3478 ut
854 3426 980 3493 diximus]
999 3426 1043 3480 cl.
1059 3426 1072 3488 fi
1089 3430 1114 3477 6.
1134 3454 1168 3467 --
1183 3430 1274 3495 plrr'lo-

100 3500 214 3567 soplu‘rrc
235 3497 338 3549 ratione
358 3500 387 3547 ut
407 3494 521 3546 diximus
548 3510 608 3561 mg.
766 3496 807 3543 ll.
846 3494 930 3545 oolam
952 3500 1022 3555 (om.
1040 3492 1132 3552 iduor)
1153 3510 1215 3561 με,
1239 3522 1274 3535 ...

99 3567 254 3621 naturalem
271 3580 326 3615 esse
344 3564 393 3614 lta.
410 3588 445 3601 -
460 3563 578 3617 animans
595 3559 685 3612 anima
700 3577 753 3611 non
771 3559 822 3612 111.
855 3562 974 3613 enimam
991 3568 1022 3613 ct
1039 3560 1131 3611 aalma
1147 3559 1176 3612 8.
1211 3562 1274 3615 oni-

100 3652 155 3690 no
172 3652 226 3687 nora
241 3632 356 3687 rrimus
372 3629 406 3681 G.
427 3658 463 3672 -·
484 3630 533 3682 illo
551 3628 669 3681 arabena
687 3628 729 3681 vir
750 3625 784 3678 11.
823 3628 941 3680 orclem
958 3629 999 3680 olo
1015 3628 1065 3679 illo
1087 3624 1123 3677 G.

100 3832 231 3903 ‚,Irocna,
252 3846 335 3899 qoem
353 3832 453 3882 unctor
470 3828 594 3895 spectat,
615 3841 665 3878 cx·
749 3828 792 3876 10.
827 3824 933 3877 colnac
954 3823 1002 3876 din
1023 3824 1094 3876 circa
1114 3840 1216 3903 corpur.
1230 3861 1274 3880 ...

102 3910 148 3955 tut
165 3900 271 3954 Pareo.
289 3898 363 3951 Soet.
381 3901 398 3948 6
416 3895 453 3964 [p.
469 3894 554 3962 ⁶2].“
577 3894 664 3945 Znun.
711 3892 909 4010 percoquatur]
935 3890 1014 3943 cont.
1033 3890 1114 3944 Serv.
1138 3894 1174 3945 ud
1196 3892 1274 3960 l‘irg.

138 3990 165 4039 o,
198 3991 259 4053 pm
274 3978 413 4047 pompm]
435 3978 512 4029 lam
533 3981 576 4029 θη
591 3976 664 4043 quod
715 3962 782 4013 Aen.
817 3960 846 4022 V,
862 3962 921 4011 880.
943 3959 1039 4011 Dicant
1052 3960 1154 4026 plryc'ci
1170 3960 1274 4013 liotbu-

101 4052 178 4107 ralibi
198 4059 258 4119 post
282 4066 386 4118 corpus,
401 4044 447 4098 vel
471 4052 532 4114 port
554 4043 664 4096 wimod.
714 4036 837 4078 ’1111111111
856 4029 960 4108 adm!
976 4044 1030 4077 Μ
1045 4028 1128 4095 recipi
1143 4030 1274 4110 ἰπχτίςί·

104 4122 169 4175 γη,
187 4124 244 4172 mg,
264 4119 297 4170 ,q
316 4134 341 4168 ο,
362 4122 389 4178 1,
409 4115 463 4181 qq,
715 4111 775 4145 nem
789 4111 880 4158 mom,
905 4112 958 4145 nan
975 4102 1107 4161 cogentes
1125 4096 1273 4165 legitema.

139 4205 189 4257 boc
204 4204 214 4255 i
232 4219 270 4265 ro,
285 4219 336 4269 qao
351 4200 404 4251 erit
418 4194 530 4263 extorto]
550 4191 667 4245 l'idctur
716 4163 886 4229 1111111111111
900 4162 1084 4229 111111111111111
1098 4164 1274 4229 111υ113111·

103 4289 171 4326 osso
189 4270 197 4321 i
219 4286 264 4321 cm
279 4286 312 4321 ac
330 4268 379 4321 lenc
396 4268 455 4332 ipsc
470 4266 583 4327 actione,
598 4278 667 4330 qao,-
715 4244 785 4281 ¹⁰⁰⁸·
802 4230 837 4281 ⁸⁸¹
857 4230 945 4282 S⁰¹¹¹¹·
965 4247 991 4296 l’·
1011 4233 1072 4281 181·

102 4340 163 4394 nisi
179 4338 253 4390 lortc
266 4336 356 4389 mario
370 4330 525 4399 respiciens
537 4330 572 4383 ed
586 4337 665 4383 ento·
748 4332 790 4380 ll.
829 4345 994 4383 numeroram
1022 4338 1119 4384 certem
1145 4334 1274 4387 constitu-

103 4408 212 4461 codono
230 4411 306 4469 octo,
338 4399 519 4467 interpretari
541 4399 589 4453 hoc
607 4398 664 4469 ipso
713 4402 821 4465 ramme
834 4398 973 4467 rationem]
990 4396 1033 4451 (ll.
1049 4414 1073 4452 c.
1088 4403 1115 4468 d,
1131 4398 1145 4466 5
1162 4404 1197 4453 ω
1212 4418 1272 4468 ,qq

103 4474 234 4545 rampart·
249 4478 391 4537 momento,
410 4486 460 4538 qao
476 4474 528 4521 etc.
715 4471 745 4518 οι
761 4465 775 4532 q
791 4469 835 4521 ω,
