2942 4859
125 109 129 117 '
165 98 210 167 56
642 85 852 157 mouban

169 268 268 345 nitus,
300 270 337 333 ut
357 260 507 339 diximus,
542 257 711 345 inpeditur)
738 258 866 323 subesse
889 252 1044 340 repperiat
1062 246 1343 336 apprehendendae

170 352 297 437 vestigia
318 346 468 416 veritatis:
502 354 539 411 ut
559 365 629 410 ecoe
653 342 853 408 Homericum
876 339 1031 405 somnium
1053 358 1071 403 a
1093 339 1183 412 love,
1209 342 1248 401 ut
1266 334 1344 400 dici·

141 433 145 448 '
171 446 233 515 tur,
252 436 379 500 missum
399 431 438 497 ad
455 428 675 495 conserendam
694 426 800 493 tumre
821 426 871 491 die
889 446 960 491 cum
977 423 1119 489 bostibus
1136 441 1263 486 manum
1283 419 1344 485 sub

173 529 279 607 aperta
301 516 504 605 promissione
522 513 667 592 victoriae
687 533 773 597 spem
794 511 875 597 regia
895 508 1057 576 animavit:
1076 507 1139 584 ille,
1159 505 1246 573 velut
1266 503 1346 570 divi·

176 628 250 672 num
272 612 395 669 secutus
417 600 589 675 oraculum,
614 598 779 663 commisso
800 596 932 682 praelio,
959 592 1079 659 amissis
1098 612 1226 657 suorum
1248 590 1346 675 pluri·

145 692 235 762 bmis
255 690 311 756 vin
329 706 481 771 aegreque
503 684 534 748 iu
561 692 658 749 eastra
680 683 838 750 remeavit
880 683 964 748 Num
988 677 1151 744 dicendum
1177 683 1226 741 est
1251 674 1349 740 deum

177 775 338 842 mandasse
370 769 584 836 mendacium?
633 770 703 834 Non
732 769 776 833 ita
807 775 869 833 est:
906 765 976 844 sed,
1013 763 1086 850 quia
1122 761 1210 827 illum
1240 780 1349 826 cesum

176 860 304 928 Graecis
323 857 386 923 lata
404 855 611 931 decreverant,
631 853 720 920 latuit
741 853 773 918 in
792 852 893 920 verbis
912 850 1034 927 somnii,
1052 847 1136 935 quod
1154 846 1349 912 animadver-

179 965 248 1011 sum
267 943 315 1011 vel
335 942 374 1008 ad
395 961 467 1007 vere
485 939 668 1007 vincendum
688 939 737 1004 vel
754 939 791 1003 ad
812 936 981 1005 cavendum
999 936 1107 1001 saitem
1129 932 1282 1018 potuisset
1300 930 1352 995 in·

150 1031 310 1099 dstruere.
351 1025 468 1092 Habuit
489 1025 571 1091 enim
593 1024 783 1110 praeceptio,
809 1032 847 1089 ut
866 1021 1030 1089 universus
1053 1018 1276 1105 produceretur
1295 1036 1354 1081 ex·

180 1115 308 1180 arcitus:
331 1119 364 1177 at
382 1112 434 1175 ille
450 1111 515 1176 sola
535 1109 689 1196 pugnandi
710 1108 884 1175 hortatione
902 1114 1066 1174 contentus
1084 1125 1148 1170 non
1166 1101 1252 1179 vidit,
1274 1099 1354 1187 quid

181 1199 220 1265 de
264 1196 457 1280 producenda
497 1194 696 1261 universitate
741 1202 939 1292 praeceptum
975 1191 1031 1269 sit,
1071 1188 1354 1274 praetermissoque

182 1283 313 1359 Achille,
356 1280 387 1347 ui
407 1289 483 1345 tunc
504 1282 619 1347 recenti
640 1280 799 1345 lacessitus
820 1278 932 1343 imuria
953 1276 992 1342 ab
1013 1274 1197 1340 ormiscum
1216 1292 1273 1337 suo
1294 1271 1355 1337 mi·

179 1368 238 1459 lite
261 1302 442 1443 feriabatur,
465 1386 520 1430 rex
541 1384 720 1451 progressus
741 1366 774 1429 in
796 1364 947 1451 praelium
967 1368 1000 1426 et
1018 1381 1122 1426 casum
1144 1357 1198 1444 qui
1220 1356 1356 1445 debeba-

184 1459 236 1517 tur
260 1451 394 1538 excepit,
429 1458 461 1515 et
482 1451 612 1515 absolvit
633 1450 788 1517 somnium
810 1449 924 1515 invidia
946 1444 1131 1520 mentiendi,
1166 1463 1230 1508 uon
1249 1441 1356 1507 omnia

157 1534 224 1601 'lde
245 1534 402 1621 imperatis
425 1534 592 1620 sequendo.
634 1530 745 1600 Parem
768 1532 979 1601 observantiae
1000 1529 1190 1615 diligentiam
1211 1528 1357 1592 llomeri·

186 1641 316 1719 caeper
335 1619 438 1685 omnia
458 1620 654 1719 perfectionis
672 1620 810 1685 imitator
825 1621 916 1685 Maro
936 1618 968 1716 in
986 1615 1100 1713 talibus
1118 1633 1243 1700 quoque
1261 1612 1356 1678 rebus

187 1698 1358 1876 tltltlaltu:ltlltritta“lattttttlttttlttfftlt

160 1869 326 1939 Serrorem
349 1881 452 1937 mman
475 1874 567 1939 unius
587 1876 671 1941 verbi
695 1876 833 1960 relapsus
854 1883 910 1939 est
952 1873 1023 1939 Non
1045 1870 1168 1955 quidem
1190 1868 1291 1933 luerat
1312 1867 1359 1932 lo·

190 1978 395 2043 eorumquae
417 1966 521 2043 petere
542 1959 667 2025 deberet
690 1981 804 2025 nomen
822 1959 987 2024 inscrtum:
1018 1956 1088 2032 sed,
1107 1976 1178 2020 eum
1197 1954 1285 2037 origo
1306 1973 1359 2019 re·

140 2051 246 2122 [sutus
268 2049 429 2127 parentum
452 2044 607 2129 sequenda
628 2045 791 2121 diceretur,
814 2044 873 2109 luit
894 2044 925 2108 in
947 2042 1058 2119 verbis,
1079 2039 1162 2126 quod
1184 2038 1265 2104 inter
1285 2037 1362 2105 Cre·

192 2136 255 2192 tam
277 2136 310 2191 et
330 2127 465 2204 ltaliam,
487 2149 566 2213 quae
588 2129 684 2214 ipsius
705 2130 804 2215 gantis
827 2138 968 2194 auctores
989 2136 1120 2211 utraque
1143 2124 1361 2210 produxerant,

193 2212 290 2298 magis
318 2213 494 2311 ostenderet
522 2223 567 2312 ot,
606 2215 688 2301 quod
717 2216 818 2289 aiunt,
853 2214 949 2299 digito
977 2212 1202 2277 demonstraret
1231 2208 1361 2275 ltaliam.

192 2298 371 2363 Nam-cum
400 2298 530 2363 luissent
557 2299 627 2365 mdc
657 2303 776 2365 Teucer
805 2298 877 2364 hinc
903 2297 1081 2373 Dardanus,
1117 2316 1179 2359 vox
1205 2314 1290 2359 sacra
1318 2293 1363 2359 sia

194 2383 254 2447 allo
300 2381 395 2447 endo:
414 2384 614 2451 Dardanidae
630 2387 712 2463 duri,
731 2393 836 2472 aperte
854 2383 1086 2450 consulentibus
1098 2380 1229 2457 Italiam,
1245 2380 1283 2445 de
1300 2398 1362 2477 qua

194 2469 259 2533 Dar
273 2488 358 2565 'anus
380 2468 534 2553 protentus
561 2479 658 2548 essct,
694 2472 808 2537 obiecit
830 2469 1013 2557 appellando
1036 2488 1090 2532 eos
1117 2464 1253 2551 parentis
1281 2464 1363 2530 illius
1411 2467 1418 2475 '

165 2554 336 2629 bnamma,
362 2553 449 2619 euius
472 2562 537 2619 arat
557 2557 644 2641 origo
665 2559 778 2622 rectius
796 2555 943 2641 eligenda.
987 2555 1029 2618 Et
1050 2551 1100 2616 bic
1117 2559 1218 2615 certae
1239 2549 1364 2635 quidem

198 2637 439 2736 denuntiationis
460 2650 521 2715 est,
542 2642 624 2726 quod
648 2641 685 2706 de
710 2642 861 2727 Scipionis
884 2641 945 2704 fine
966 2636 1168 2723 praedicitur:
1196 2635 1249 2700 sed
1269 2634 1365 2719 gratia

198 2722 412 2821 conciliandae·
425 2724 618 2791 obscuritatis
637 2726 751 2792 inserta
771 2724 922 2792 dubitatio
942 2724 1025 2789 dicto
1047 2729 1150 2787 brnen
1175 2720 1258 2805 quod
1278 2720 1366 2784 initio

198 2828 311 2877 somun
331 2817 507 2875 continetur
523 2810 700 2879 absolvitur.
742 2813 821 2881 Nam
838 2832 910 2878 cum
927 2808 1052 2875 dieitur:
1083 2806 1219 2873 Circerr‘tor
1233 2804 1371 2871 natarali

265 2962 335 3014 lllnn.
358 2960 624 3028 urst’vtmounn]

199 3046 299 3098 lacuna
322 3053 365 3097 ant
384 3054 458 3113 ante,
476 3050 593 3119 diligens
615 3049 661 3101 cui
679 3066 765 3117 supra
782 3049 978 3115 scriptumest
996 3045 1111 3098 auditor.
1130 3070 1165 3084 -
1181 3042 1235 3096 nini
1251 3050 1280 3096 ot
1298 3042 1371 3095 dini·

199 3129 258 3163 mne
275 3114 403 3166 divinitae
421 3114 493 3167 Bau.
515 3144 543 3155 -
564 3120 738 3184 impediatur
754 3119 912 3185 v-gana.‚
935 3116 1011 3168 Mod.
1027 3114 1048 3165 l.
1064 3130 1088 3164 c.
1122 3112 1250 3179 impedit’
1268 3112 1319 3163 lte
1336 3138 1370 3150 -

201 3180 460 3259 “Bpftltendendara
484 3184 514 3235 P.
556 3186 800 3252 deprebendendae
822 3186 857 3236 ll.
878 3212 913 3223 —
932 3184 1006 3253 regia
1025 3181 1156 3233 animavit
1172 3196 1244 3247 apem
1265 3177 1316 3230 tta
1336 3206 1371 3217 -·

202 3246 323 3295 alternum
339 3248 411 3299 velot
430 3250 480 3298 llss.
504 3278 536 3289 —
560 3268 666 3305 enorum
685 3252 845 3305 Svd-ann.
880 3268 986 3303 enorum
1004 3265 1059 3301 om.
1078 3248 1112 3298 G.
1147 3262 1302 3299 aereorum
1324 3244 1371 3297 BF

202 3312 329 3365 Putant.
352 3342 383 3352 -
404 3319 516 3369 reverit
540 3318 590 3369 lll.
743 3325 769 3372 b.
803 3320 846 3371 oet
867 3320 904 3371 nd
923 3318 1069 3370 anomalam
1091 3318 1167 3381 (nup.
1190 3313 1254 3366 add.
1276 3327 1293 3364 a
1315 3330 1370 3366 nee.

202 3385 254 3440 m.)
272 3378 304 3430 F.
339 3382 382 3432 vel
397 3384 434 3434 ad
451 3400 528 3436 aere
547 3386 692 3437 canendam
710 3386 782 3439 Bran.
936 3389 961 3435 d.
996 3385 1062 3436 illa
1077 3383 1228 3451 praeceptio
1242 3380 1320 3433 Lm.
1337 3406 1373 3423 -·

203 3456 332 3500 exacutae
346 3451 536 3517 produceretur
552 3454 604 3504 Rd.
622 3481 654 3490 -
673 3457 751 3523 qaod
771 3454 843 3506 Bau.
865 3480 891 3491 —
911 3470 970 3503 carn
986 3453 1070 3505 milite
1087 3457 1155 3510 (om.
1172 3455 1234 3510 nno)
1250 3448 1322 3500 Bau.
1337 3475 1373 3488 -

202 3519 486 3665 t'lt't'tt‘ttlat
500 3519 1049 3653 'tt”filtamttttdtasre
1072 3518 1373 3653 fledradi&

203 3676 236 3733 Τ
256 3658 282 3703 ‘²
296 3660 459 3714 1111110111.
480 3658 563 3724 parad)
582 3656 634 3709 Rl.
654 3686 682 3696 -
708 3659 942 3710 demonstrarent
961 3653 993 3703 B.
1026 3659 1189 3704 monstrarat
1207 3652 1259 3703 Rl.
1278 3678 1310 3690 -
1323 3654 1373 3715 sn·

204 3727 276 3772 renat
295 3719 320 3771 G
340 3720 377 3786 (B
395 3740 456 3788 nup.
476 3741 530 3776 ner.
546 3724 590 3792 n).
609 3752 640 3763 —
659 3743 738 3778 roera
755 3726 801 3777 rit
820 3724 870 3776 Rl.
891 3750 920 3762 -
944 3722 1112 3787 alloquenda
1129 3721 1161 3771 P.
1179 3749 1213 3760 —-
1236 3718 1374 3772 Dardani·

204 3787 356 3869 daalden.
375 3788 432 3855 tlt,
454 3794 496 3843 94.
518 3822 553 3833 —
575 3795 709 3861 prosector
726 3800 775 3846 ant
798 3791 855 3843 ΒΙι.
874 3819 908 3830 -
930 3788 1113 3858 appellantes
1134 3787 1187 3838 Rl.
1204 3815 1238 3826 -
1259 3785 1375 3854 porentia

205 3872 309 3921 tptwt
326 3856 349 3907 F
351 3856 401 3907 Rl·
422 3886 448 3895 -
469 3868 526 3913 crat
544 3861 606 3911 add.
624 3875 640 3911 a
658 3879 714 3913 neo.
729 3878 766 3913 m.
783 3860 835 3911 ltu.
987 3859 1013 3907 9.
1048 3857 1086 3908 Et
1101 3855 1144 3906 laic
1161 3860 1249 3916 (carr.
1267 3854 1296 3905 in
1314 3854 1375 3913 loo)

204 3922 277 3975 Bau.
313 3926 350 3975 lta
368 3925 411 3976 laic
426 3928 529 3980 madan
547 3928 603 3980 Τι.
618 3956 650 3967 -
667 3926 922 3981 denominationis
934 3924 969 3976 G.
987 3948 1019 3961 -
1036 3931 1074 3976 ert
1089 3924 1146 3990 pai
1162 3922 1193 3973 11.
1210 3948 1242 3961 -
1260 3921 1375 3975 indicio

205 4006 274 4073 v·-g;
293 3992 436 4055 „vitiose“
455 3994 556 4059 zoaran
573 3992 919 4048 emendatissimum
939 4010 965 4059 p.
983 3993 1043 4041 822.
1076 3991 1110 4041 in
1127 3990 1205 4042 initio
1219 3988 1252 4041 B.
1271 4016 1297 4027 —
1316 4006 1377 4040 con·

206 4065 306 4113 tenetur
321 4062 416 4113 samnii
433 4062 484 4113 82.
507 4092 532 4102 -
553 4064 707 4117 absolvitur
723 4064 755 4116 Ρ.
771 4092 806 4103 -
826 4060 955 4128 Cironito]
973 4058 1068 4111 somn.
1083 4057 1123 4125 lt,
1139 4061 1166 4109 2
1184 4082 1219 4097 -
1235 4056 1375 4111 nataralia

242 4208 408 4291 llomcricom
438 4216 577 4285 samnium]
610 4216 713 4282 „Iliad
744 4216 771 4285 β’
853 4219 879 4265 e.
915 4212 978 4265 inde
997 4211 1109 4273 renea,
1139 4209 1200 4261 binc
1224 4206 1375 4274 Dardanon]

207 4275 242 4327 ab
270 4285 362 4331 rnrtro.
403 4283 551 4337 Caeterum
575 4284 708 4336 Clnrlriun
734 4285 769 4335 nd
820 4281 901 4331 cont.
919 4278 1020 4346 virgil.
1040 4277 1107 4327 den.
1125 4276 1181 4340 111,
1204 4280 1255 4328 roo
1273 4293 1331 4343 sqq.
1348 4281 1378 4326 et

207 4344 226 4427 l.
248 4345 266 4395 Ι.
285 4353 362 4396 reate
380 4348 517 4401 Macrobii
537 4354 571 4402 de
589 4351 771 4405 haecomnia
822 4354 872 4400 ld‘t
888 4363 949 4413 sqq.
966 4351 996 4397 et
1010 4344 1070 4403 Vll,
1088 4346 1141 4395 2⁴⁰
1157 4360 1216 4410 sqq.
1231 4349 1261 4397 et
1276 4341 1378 4413 lleynli

207 4416 469 4479 interpretationem
493 4416 564 4470 dicit
585 4418 721 4473 nstantia·
743 4423 773 4472 ct
821 4410 1312 4469 01⁰¹¹110V02V1⁸Uibfflfllssl=

210 4499 304 4539 merae
316 4486 444 4552 nugan.“
467 4484 554 4537 Zona.
