2942 4859
179 36 241 104 ιοι
660 25 871 96 mundun

179 227 250 274 rum
270 202 394 278 ordino,
427 220 522 287 quem
543 196 704 267 manifeste
725 199 870 285 clareque
891 194 1054 280 distinguit
1077 194 1218 261 inmensa
1237 190 1358 290 disus·
1438 223 1439 228 κ

71 294 77 305 ”
182 293 240 369 tia,
267 309 369 374 neque
391 286 429 352 do
452 286 543 351 lunae
564 285 706 370 regione,
732 305 812 370 quae
834 283 873 347 ab
896 280 1041 347 omnibus
1062 280 1196 346 multum
1218 285 1357 353 reressst,

184 378 265 443 iuter
284 383 405 440 veteres
428 371 530 469 aliqua
554 369 612 435 iuit
634 370 794 435 dissensio.
836 370 957 433 llorum
977 387 1052 432 sero
1076 367 1172 430 trium
1199 364 1260 462 sibi
1285 382 1357 450 pro·

184 462 349 536 rimorum,
370 459 500 524 Veneris
521 454 667 522 Mercurii
689 462 721 519 et
742 454 825 529 solis,
842 452 983 551 ordinem
1005 452 1115 550 yioinis
1136 449 1286 549 oooludst,
1300 448 1357 512 sed

156 544 268 698 ssttll
286 546 381 694 illm·
398 544 744 712 addititii
767 538 1035 689 {tllttttt't
1057 536 1359 696 ttttt‘nttt‘,

185 722 222 783 ut
243 713 369 779 interior
389 711 539 776 ambitur:
576 710 661 775 illum
687 730 813 796 quoque
840 708 981 793 superior
1008 707 1142 772 circulus
1162 704 1290 772 Veneris
1311 704 1359 768 in-

187 800 292 876 cludit,
314 806 407 883 atque
430 796 472 861 ita
494 795 537 873 lit,
561 804 598 861 ut
618 794 676 860 lma
697 796 777 859 duae
796 794 912 871 stellae,
934 814 1004 858 cnm
1029 814 1084 879 per
1105 791 1279 877 superiores
1298 790 1360 853 cir-

188 885 328 951 culorum
352 901 478 947 suorum
501 881 628 946 vertices
648 887 790 955 currunt,
809 879 1027 976 intellegantur
1048 898 1141 963 supra
1161 877 1256 941 solem
1277 875 1361 939 loea-

188 978 254 1048 tae,
282 989 351 1035 oum
374 986 448 1031 vero
470 987 525 1052 per
545 965 689 1030 interiora
710 962 1109 1040 commeant‘csreulorum,
1136 962 1180 1026 sol
1202 961 1247 1025 eis
1267 980 1362 1047 supe-

161 1055 254 1121 'irior
271 1052 460 1119 aestimetur.
502 1050 565 1115 lllis
584 1070 667 1134 ergo,
684 1050 738 1135 qui
757 1049 903 1133 sphaeras
921 1068 1029 1113 earum
1046 1047 1105 1113 sub
1123 1048 1189 1112 sole
1205 1045 1362 1121 dixerunt,

190 1140 251 1205 hoc
270 1140 369 1204 visum
393 1144 440 1201 est
458 1156 495 1200 er
517 1136 569 1199 illo
590 1135 749 1200 stellarum
771 1155 881 1210 cursu,
930 1133 961 1197 ui
984 1152 1233 1218 nonnumquam,
1260 1138 1298 1194 ut
1317 1131 1364 1194 di-

191 1225 303 1299 ximus,
321 1221 443 1287 videtur
461 1219 602 1285 interior:
620 1220 673 1305 qui
696 1225 727 1285 et
749 1239 820 1284 vere
839 1155 1007 1283 conditior
1023 1226 1080 1295 est,
1100 1218 1173 1303 quia
1192 1224 1267 1281 tuno
1287 1215 1366 1279 libe-

193 1308 259 1374 rius
280 1312 416 1393 apparet
458 1306 538 1371 Nam
560 1326 630 1369 cum
652 1303 812 1390 superiora
832 1311 955 1380 teuent,
985 1303 1082 1387 magis
1103 1302 1196 1367 radiis
1216 1300 1367 1366 moulon-

142 1400 263 1479 [eaptum
302 1400 334 1456 et
355 1390 426 1455 ideo
447 1390 605 1476 persuasio
627 1388 684 1454 ista
710 1389 881 1465 convaluit,
913 1396 945 1454 et
965 1388 1004 1452 ab
1026 1388 1172 1453 omnibus
1196 1407 1295 1471 paene
1316 1385 1368 1450 laic

164 1476 272 1544 Sordo
294 1477 326 1542 iu
345 1496 437 1543 usum
458 1484 599 1561 receptus
621 1482 677 1541 est
735 1473 947 1561 Perspioaoior
966 1481 1071 1539 tamen
1092 1472 1267 1539 observatio
1285 1471 1368 1539 reri-

263 1629 332 1683 Mss.
354 1628 595 1691 GFSthGBan

196 1716 259 1768 sit.“
283 1714 368 1766 Zeno.
409 1716 515 1767 recedit
533 1732 588 1768 s-e.
611 1715 725 1783 -ipsa
747 1714 821 1767 xxia·
841 1714 938 1766 Vlllm
956 1712 1046 1765 dietus
1062 1712 1111 1763 tto.
1131 1736 1165 1751 ·-
1225 1729 1263 1764 ae
1278 1712 1371 1763 massi·

193 1787 264 1848 feste
282 1790 357 1847 (sup.
377 1788 465 1849 quem)
490 1783 539 1833 tta
567 1812 601 1823 -
627 1791 673 1835 est
693 1784 761 1835 inter
777 1793 878 1835 veteres
896 1783 988 1849 aliqua
1006 1780 1134 1831 dissensio
1157 1778 1179 1829 C
1204 1816 1212 1830 .
1250 1780 1299 1830 int.
1318 1787 1372 1832 oet.

197 1848 234 1899 ul.
258 1855 295 1898 est
318 1850 445 1899 dissensio
467 1848 520 1899 m.
544 1878 573 1887 -
602 1852 682 1903 trium
705 1852 881 1917 proximorum
904 1854 973 1910 (om.
1000 1850 1064 1908 sits]
1089 1846 1140 1898 Ht.
1164 1875 1195 1885 -
1226 1847 1372 1899 vicinitus

198 1914 342 1967 Binum.
361 1914 397 1974 (G
416 1931 431 1965 ιι
453 1932 508 1967 sec.
528 1921 578 1978 m.)
598 1944 634 1957 -
654 1918 803 1981 confundit
822 1915 939 1968 CFBrrs.
961 1941 997 1954 -
1020 1915 1231 1969 Sententiae
1261 1916 1372 1984 yptio-

198 1998 274 2033 rum.
303 1982 370 2032 Nam
389 1984 554 2051 egyptiorum
572 1985 793 2035 lit-ratione
804 1987 839 2049 su
864 1986 884 2035 it
903 1984 954 2034 tu.
1107 1984 1133 2033 6.
1169 1932 1373 2046 circuiremus.

205 2050 327 2113 Veneris)
348 2048 398 2099 ill.
425 2076 459 2086 -
484 2051 630 2116 nepesiores
649 2057 717 2111 (om.
734 2056 795 2119 per)
822 2052 847 2101 G
874 2067 920 2102 ren.
944 2077 977 2089 -
998 2049 1199 2119 intelleguntur
1214 2048 1237 2099 F
1255 2050 1292 2112 (0
1310 2068 1373 2117 sup.

200 2116 243 2179 ιι).
267 2144 301 2154 -
322 2118 469 2167 estimetur
489 2116 560 2168 Bure.
613 2120 792 2172 existimetur
812 2118 894 2187 Sr-g.
1056 2124 1082 2168 7.
1118 2118 1177 2170 illis
1200 2124 1270 2179 (om.
1291 2123 1373 2187 ergo)

201 2182 309 2235 Ricalr.
343 2184 399 2235 illis
414 2200 538 2251 puopue
556 2184 608 2237 Hl.
626 2214 658 2224 -
676 2204 768 2254 speras
784 2203 875 2238 eorum
895 2184 946 2237 111.
966 2212 999 2224 -
1013 2184 1099 2237 uisum
1118 2186 1188 2250 (om.
1206 2185 1258 2249 est)
1277 2202 1322 2237 vs.
1344 2214 1374 2223 -

239 2252 326 2302 icere
343 2255 412 2312 (om.
431 2258 470 2311 et)
490 2253 538 2302 [tt.
560 2281 596 2293 -
618 2254 682 2320 puin
699 2262 759 2306 tnm
783 2254 910 2320 stur-g.
964 2254 1028 2321 puio
1046 2270 1109 2304 eum
1128 2252 1161 2304 G.
1186 2281 1220 2291 -
1241 2260 1375 2321 apparent

227 2318 324 2371 Rlffl.
346 2346 380 2358 -
402 2320 492 2391 magis
513 2323 681 2392 armagis
704 2322 791 2375 radiis
811 2320 843 2374 12.
995 2324 1021 2371 8.
1055 2321 1181 2373 veriore·
1201 2320 1239 2384 (C
1261 2338 1324 2389 sup.
1347 2322 1375 2375 ,ιζ

237 2456 263 2506 6.
303 2454 432 2517 circulus,
450 2472 498 2523 per
511 2472 586 2524 poem
604 2457 644 2509 sol
662 2457 765 2509 discur—
814 2453 958 2515 derisore,
993 2452 1018 2505 is
1036 2470 1138 2507 novum
1155 2453 1281 2508 admittit
1297 2471 1377 2506 erro-

204 2521 255 2583 rit,
290 2538 309 2573 a
334 2523 461 2575 Mercurit
482 2526 579 2577 circulo
603 2532 633 2576 ut
655 2525 766 2591 inferior
814 2540 885 2583 rem,
903 2537 986 2588 quem
1004 2520 1077 2573 alias
1096 2523 1132 2585 (l,
1150 2527 1193 2587 ἢ,
1212 2528 1230 2574 8
1247 2522 1377 2590 sqq.,ll‚

205 2588 330 2656 ambitur]
347 2590 504 2657 „Respexit
519 2592 765 2661 ingeniosissimus
815 2594 848 2656 o,
869 2594 927 2651 25.)
953 2588 1015 2655 ipsa
1038 2590 1164 2642 refutare
1187 2600 1304 2645 conotus
1323 2598 1377 2643 est.

206 2655 298 2707 seculi
321 2657 366 2708 sui
388 2657 655 2726 Nic.'Copornicus=
689 2660 766 2726 Qua·
816 2658 943 2725 Nsmque
965 2656 991 2708 si
1013 2664 1089 2711 terra
1111 2664 1155 2710 est
1179 2658 1238 2711 ima
1259 2666 1288 2709 et
1311 2676 1379 2709 cess·

204 2722 768 2863 ttt‘ttltt'*tt‘tmelztttt
816 2733 918 2845 tlte
937 2724 1188 2845 ltttlttltt
1210 2726 1380 2861 illiti:

208 2860 444 2929 Encpelopoediun
474 2863 578 2930 scripsit
606 2870 631 2915 et
659 2835 768 2931 puidam
818 2869 893 2923 sunt,
911 2861 1171 2927 solsemperinira
1190 2862 1224 2924 (i.
1241 2879 1267 2914 e.
1285 2878 1302 2913 rs
1322 2868 1380 2913 ter-

144 2962 150 2971 ·
208 2928 260 2979 alii
284 2928 439 2981 Latinorum
461 2931 667 2999 pertonuerant.
711 2932 768 2982 lir-
818 2928 1007 2996 respectanti
1025 2932 1106 2990 eitra)
1124 2928 1192 2981 illus
1211 2931 1312 2982 stelles
1332 2930 1381 2991 sit,

208 2995 328 3047 istimant
346 2998 428 3061 enim,
460 3000 529 3065 quod
549 3000 635 3051 Venus
650 3007 675 3051 et
695 2998 768 3049 Mer·
819 3013 935 3049 necesse
958 3001 1011 3047 est.
1051 2997 1083 3048 Si
1104 2998 1243 3064 inferiores
1265 2998 1381 3049 circuio-

210 3063 299 3113 eurins
323 3064 509 3117 circumerrant
530 3067 609 3117 solem
632 3067 661 3117 s'n
685 3066 770 3116 medio
819 3082 877 3117 runs
901 3065 1010 3115 uertices
1034 3072 1211 3132 apponuntur
1234 3066 1381 3133 superiori-

209 3130 361 3181 esistentcm
378 3137 402 3181 et
420 3148 477 3182 eam
495 3133 526 3183 ol
547 3150 655 3185 eausam
672 3132 704 3184 ot
723 3134 770 3184 illo
821 3134 877 3193 tus,
893 3131 924 3182 lsl
942 3137 1016 3194 suot,
1035 3134 1082 3183 nbi
1095 3134 1199 3184 stellae
1216 3149 1302 3199 snper
1316 3149 1384 3184 ror·

129 3218 137 3229 ·
209 3212 263 3246 seon
284 3195 395 3248 ulterius
420 3198 528 3266 digredi
546 3207 659 3316 ἔπαιε,
691 3217 770 3267 quam
821 3199 904 3251 tieem
924 3207 1063 3262 nostrum,
1085 3200 1144 3267 illi,
1163 3200 1212 3253 uui
1231 3202 1382 3252 vernasset

210 3277 317 3313 suorum
340 3267 491 3316 convexitas
516 3283 545 3317 os
562 3268 616 3317 ium
637 3269 770 3335 potiatur,
821 3267 938 3333 pedibus
956 3270 1060 3319 nostris
1078 3276 1226 3320 morentur
1248 3268 1300 3329 (ci.
1319 3284 1382 3335 rap.

211 3329 336 3396 quoniam
350 3338 447 3383 terram
463 3350 516 3383 non
534 3334 662 3396 ambiunt,
679 3342 709 3385 ut
726 3351 770 3385 ee·
819 3338 869 3398 22,
893 3334 907 3399 5
928 3338 992 3394 11.).
1028 3334 1096 3388 cum
1116 3353 1185 3405 ergo
1202 3354 1250 3405 per
1268 3338 1382 3401 inferio·

210 3396 275 3461 tesi,
301 3398 347 3449 sed
364 3398 472 3451 absidas
490 3416 628 3453 conuersos
644 3400 769 3453 natent.“
819 3416 862 3453 res
878 3402 1036 3455 circulorum
1053 3407 1164 3457 uertices
1180 3413 1288 3457 cumsnt
1306 3404 1385 3454 Mer·

211 3464 299 3517 Poma.
317 3493 351 3503 -
369 3468 405 3517 tt
423 3465 493 3519 lrsec
512 3484 565 3519 non
585 3469 724 3535 quadrant
741 3468 770 3520 in
821 3468 918 3520 curius
934 3477 963 3522 et
980 3472 1083 3535 Venus,
1101 3490 1183 3535 sane,
1198 3474 1224 3525 si
1242 3472 1385 3538 adpetes

97 3543 103 3559 t
211 3533 299 3585 verbs
318 3532 465 3598 Macrobii,
483 3536 531 3602 qni
548 3552 601 3588 noo
618 3536 773 3590 illssstel·
822 3542 933 3590 nostros
951 3546 1122 3604 spectamus,
1152 3541 1193 3593 sol
1211 3541 1386 3606 eissuperior

212 3602 258 3653 lus
278 3600 481 3655 circumerrat-e
501 3604 605 3667 solem,
633 3606 681 3657 seel
701 3603 773 3655 solis
822 3611 916 3672 potest
932 3605 1091 3673 aestimari,
1107 3615 1138 3661 at
1154 3615 1228 3673 tum,
1247 3607 1312 3674 qnia
1330 3608 1385 3660 suls

213 3669 351 3722 circulum
374 3672 488 3723 illerum
513 3672 629 3725 circulis
655 3670 773 3724 interio-
821 3672 942 3739 pedilsns
959 3675 1072 3736 nostris,
1091 3674 1110 3727 i.
1128 3694 1153 3729 e.
1173 3678 1385 3742 insectemini,

213 3754 273 3789 rem
299 3754 363 3790 osse
389 3738 473 3803 dicit,
506 3740 602 3807 itaque
627 3756 774 3792 commune
823 3746 903 3803 snut,
928 3742 1042 3793 omnino
1059 3758 1113 3793 non
1133 3744 1266 3797 sidentur
1289 3745 1341 3808 (ct.
1360 3744 1385 3809 l,

213 3810 339 3857 centrum
359 3812 462 3860 terram
486 3824 548 3860 esse
572 3808 681 3861 statuit.
716 3807 773 3861 soa
825 3812 872 3872 lt,
898 3809 951 3873 a).
990 3810 1082 3878 lgitnr
1098 3811 1165 3875 ille,
1194 3813 1243 3880 qni
1260 3827 1388 3864 eommo-

213 3872 376 3926 eonlndissc
402 3892 465 3929 eoru
490 3884 637 3943 utromque
662 3882 776 3930 senten·
825 3882 954 3929 moratur
969 3877 983 3943 5
1001 3884 1040 3944 7.,
1057 3879 1195 3932 stetissem
1211 3896 1316 3945 susm,
1338 3881 1388 3948 pei

213 3941 283 3994 tiam
311 3957 345 3993 ex
369 3941 405 3995 iis
431 3958 502 4011 quae
533 3950 689 4012 sequnntur
724 3959 775 4011 up·
824 3962 1021 4012 nonnumquam
1047 3948 1155 4000 videtur
1182 3949 1308 4014 inferior,
1340 3950 1390 4014 pei

213 4012 303 4074 paret.
825 4022 851 4065 et
869 4030 929 4065 oete
945 4014 1088 4066 notabilior
1105 4022 1159 4079 est,
1188 4018 1254 4085 quio
1271 4023 1334 4067 tsssrc
1349 4016 1389 4067 ii-

248 4082 328 4143 atpue
344 4075 385 4128 ito
396 4078 446 4143 fit.
473 4083 502 4129 ut
583 4078 622 4130 sol
640 4079 677 4130 eis
694 4096 774 4147 supe·
824 4081 912 4133 lleriass
941 4100 959 4133 a
996 4091 1067 4143 uret,
1101 4084 1138 4134 ab
1168 4083 1220 4136 ills
1251 4082 1391 4149 opinione

213 4141 268 4192 rior
284 4144 445 4212 aestimatur]
464 4145 503 4197 Ad
522 4162 617 4197 voram
636 4145 774 4199 sationem
825 4148 975 4201 omninos
997 4149 1109 4212 horret,
1145 4167 1237 4217 raeque
1259 4151 1392 4218 intelligi

214 4208 239 4261 sl
270 4216 445 4277 spectamus,
480 4214 618 4277 quomodo
646 4213 774 4265 conlusio
845 4224 935 4280 otest,
957 4216 1078 4278 oisi,nt
1094 4224 1152 4281 est,
1170 4218 1323 4270 statuimus
1340 4234 1393 4271 so-

213 4276 267 4327 illa
289 4274 351 4325 lieri
372 4278 508 4343 potuerit,
537 4278 635 4344 liquot.
671 4279 775 4347 Atqui
837 4286 1295 4339 emesseoontrumoircnlorun
1311 4286 1393 4339 Mer·

214 4340 359 4407 evulgari
377 4349 503 4395 veterum
523 4346 655 4411 opinione
673 4348 725 4412 ita,
744 4354 775 4399 nt
824 4350 898 4401 ensii
915 4357 944 4402 ot
961 4352 1086 4406 Veneris.

213 4405 385 4469 Macrobius,
405 4410 596 4465 contusionem
614 4414 695 4469 illam
713 4416 776 4469 vult
858 4422 882 4467 1.
920 4418 1028 4472 literius
1040 4420 1163 4489 appmet]
1183 4421 1203 4474 i.
1217 4438 1245 4475 o.
1264 4434 1321 4474 non
1334 4420 1393 4475 in·
