2942 4859
203 116 266 184 140
680 112 890 183 Maononn

154 288 317 355 llmctras
345 284 459 352 dicitnr
483 282 532 351 bin
549 283 625 384 ,nina
652 282 701 349 lais
724 305 839 370 corpus
867 304 935 383 esse
958 283 1024 382 'iam
1050 282 1191 349 solidum.
1223 282 1373 381 ‚Ergoa

202 390 697 554 ltttltttttt'nttt
720 368 1262 554 tl,„ttlt.;'tll¹tntlt⁰‘¹‘ttt
1281 367 1372 539 olli

203 553 248 611 tet
268 565 307 608 ex
329 544 429 628 inpan
450 560 577 627 quoque
598 561 729 607 numero
751 539 1012 627 quemadmodum
1039 540 1121 607 adam
1146 538 1299 605 efficiatur
1327 563 1372 605 an·

153 630 193 695 tn
202 630 329 715 spicere
376 629 420 693 Et
444 627 517 713 quia
542 636 605 691 tam
632 627 714 711 paris
738 648 831 725 quam
862 626 976 711 inparis
1003 626 1123 693 numeri
1150 646 1259 692 monas
1284 625 1372 711 origo

201 724 258 794 cst,
277 713 598 780 temeriusnumerus
640 712 717 778 rima
740 713 820 777 lrnaa
839 733 906 778 esse
926 711 1076 779 credatur.
1119 711 1178 777 llic
1199 710 1371 796 triplicatus

200 799 402 867 novenarium
426 819 589 864 numerum
612 733 697 863 deicit:
738 798 792 884 qul
814 806 845 863 ct
867 797 932 883 ipse
955 798 1042 884 quasi
1070 797 1107 862 do
1135 797 1255 863 duobus
1281 796 1370 863 lineis

200 888 327 985 longum
346 886 506 970 latumque
527 904 640 970 corpus
661 882 769 958 allicit,
799 883 879 949 siout
897 884 1128 969 quaternarius,
1158 882 1310 949 secundus
1330 881 1370 949 de

199 972 340 1059 pambus,
360 970 469 1035 allicit:
507 970 582 1035 item
602 969 788 1034 novenarius
807 969 979 1054 triplicatus
998 970 1121 1034 tertiam
1144 968 1368 1047 dimensionem

197 1064 342 1143 praestat
383 1057 426 1122 Et
446 1056 488 1122 ita
511 1064 636 1141 aparte
657 1054 773 1140 inparis
796 1055 916 1119 numeri
939 1054 970 1127 in
990 1055 1098 1139 viginti
1120 1064 1255 1140 septem,
1289 1075 1370 1141 quae

199 1153 273 1209 sunt
290 1151 338 1208 tar
356 1150 445 1209 torna
464 1149 521 1217 ter,
542 1140 676 1211 solidum
696 1160 808 1226 corpus
831 1139 977 1205 efficitur:
999 1140 1079 1205 sicut
1098 1140 1130 1205 in
1153 1161 1283 1207 numero
1302 1140 1369 1225 pari

150 1228 247 1294 lllbia
265 1228 338 1293 bina
360 1227 417 1303 bis,
439 1226 493 1312 qni
514 1235 562 1291 est
580 1226 767 1303 octonarius,
786 1225 970 1291 soliditatem
993 1226 1115 1292 creavit.
1157 1225 1242 1311 Ergo
1264 1226 1303 1291 ad
1324 1224 1368 1290 el·

147 1312 384 1399 [imperandum
414 1309 579 1397 utrobique
608 1311 742 1380 solidum
770 1332 882 1396 corpus
914 1332 1021 1377 monas
1053 1311 1224 1377 necessaria
1257 1320 1305 1377 est
1336 1320 1370 1377 ct

197 1419 251 1464 sex
269 1397 322 1463 alii
342 1396 481 1475 numeri,
500 1397 532 1463 id
551 1404 599 1463 eat
618 1397 698 1467 terni
718 1418 737 1461 a
758 1396 823 1481 pari
844 1396 1007 1481 etinpari:
1036 1396 1136 1483 apori
1158 1395 1282 1482 quidem
1305 1396 1367 1463 duo

149 1484 345 1568 ldqnattuor
365 1490 454 1560 octo,
491 1484 531 1549 ab
551 1483 650 1568 inpari
672 1491 776 1548 autem
796 1482 854 1547 tria
877 1503 987 1549 novem
1009 1482 1115 1567 viginti
1137 1490 1266 1568 septam.
1315 1484 1367 1547 Ti·

197 1590 304 1635 maeus
322 1569 417 1653 igitur
438 1568 576 1635 Platonis
597 1569 629 1634 in
652 1567 827 1645 fabricanda
849 1567 954 1635 mundi
978 1568 1081 1633 anime
1104 1568 1266 1634 consilium
1288 1568 1366 1633 divi-

195 1655 301 1724 nitatis
320 1654 486 1725 enuntians
506 1654 550 1721 ait
569 1655 653 1720 illam
674 1675 729 1740 per
750 1654 806 1719 hos
827 1674 972 1721 numeros
992 1654 1084 1719 luisse
1106 1661 1287 1732 contextam,
1307 1654 1364 1739 qui

196 1749 265 1805 eta
287 1741 353 1826 pari
374 1749 408 1807 et
426 1741 466 1806 ab
487 1740 586 1827 inpari
608 1741 738 1816 cubum,
761 1740 791 1805 id
813 1748 861 1805 est
883 1738 1101 1825 perfectionem
1123 1739 1298 1816 soliditatis,
1319 1738 1365 1804 cl-

194 1824 316 1893 liciunt:
337 1848 401 1891 non
419 1826 491 1910 quia
511 1825 627 1911 aliquid
650 1826 836 1925 signiticaret
856 1825 939 1893 illam
961 1824 1074 1891 habere
1095 1845 1287 1910 corporeum,
1308 1824 1362 1891 scd

193 1916 230 1974 ut
255 1910 353 1994 possit
379 1910 609 1976 universitatem
638 1910 804 1976 ammando
835 1920 997 1996 penetrare
1029 1919 1061 1977 ct
1090 1910 1196 1977 mundi
1229 1910 1362 1976 solidum

147 1990 305 2079 idcorpus
325 1993 456 2080 inplere,
476 2017 532 2080 per
552 2016 698 2061 numeros
719 1995 880 2062 soliditatis
903 1998 1011 2061 effecta
1028 2004 1084 2079 est
1126 1997 1216 2061 Nunc
1237 1995 1275 2061 ad
1297 1996 1362 2081 ipsa

193 2080 331 2144 Platonis
357 2080 451 2146 verba
477 2081 645 2146 veniamus.
688 2083 859 2147 Nemeum
883 2081 1002 2147 deden
1028 2082 1160 2147 animam
1189 2082 1296 2147 mundi
1319 2082 1363 2146 la·

193 2164 331 2231 bsioante
354 2165 548 2252 loqueretur,
570 2166 626 2231 ait:
666 2167 803 2233 Primam
824 2190 862 2233 ex
883 2169 968 2233 nmm'
984 2170 1127 2255 [ameno
1143 2178 1262 2257 portam
1279 2168 1364 2233 radat:

258 2318 329 2371 u...
350 2318 576 2385 consenum]
632 2285 635 2291 ’
705 2364 711 2371 .

191 2403 289 2457 dieitur
305 2405 380 2472 opud
397 2412 546 2487 geometrae
563 2422 625 2473 v-g.
778 2410 818 2457 11.
853 2407 977 2474 ideoque
994 2404 1025 2457 C.
1041 2431 1074 2443 —-
1096 2406 1129 2457 id
1142 2406 1282 2488 'afficiatur
1299 2422 1362 2471 v-p.

190 2564 225 2577 -
237 2473 733 2619 'a'iraiii‘it‘iitii'l‘i'.iii01
746 2474 1070 2604 aiiid'il’ts'i'iiss
1086 2478 1158 2595 diii
1171 2472 1360 2611 {diffidi}

246 2609 329 2673 efficat
349 2625 405 2661 om.
423 2609 499 2675 ving-
523 2638 558 2649 -
581 2611 726 2663 secandam
749 2610 905 2663 olna-bPGl.
931 2638 966 2651 ··-
986 2611 1091 2663 tertiam
1111 2611 1359 2663 dimensionem

191 2675 306 2739 efficitur
326 2677 390 2728 add.
408 2676 437 2729 in
455 2694 514 2744 mg·
533 2677 564 2728 C·
591 2706 622 2717 -
647 2678 749 2747 uiginti
766 2686 862 2746 septem
888 2685 955 2739 (nm.
976 2680 1017 2738 in)
1042 2678 1093 2730 Ra.
1118 2706 1145 2717 -
1170 2678 1224 2747 qni
1241 2686 1302 2730 auat
1319 2686 1359 2731 lea

189 2743 264 2793 terni
281 2750 321 2795 aer
343 2743 376 2796 F.
398 2772 428 2783 -
454 2763 547 2811 corpur
564 2746 676 2797 solidum
702 2745 753 2797 Rl.
777 2774 809 2783 -
832 2747 895 2798 dian
914 2748 952 2798 dir
974 2754 1043 2807 (om.
1061 2747 1113 2805 dis)
1134 2745 1162 2796 la.
1316 2748 1358 2796 13.

190 2826 234 2861 aas
250 2816 320 2871 (om.
337 2821 362 2866 ct
379 2829 442 2865 cnm
459 2818 530 2875 raa.)
548 2812 579 2864 C.
624 2814 678 2865 aed
694 2830 741 2865 aex
758 2812 788 2864 F.
832 2822 927 2868 utaen
944 2814 993 2867 RP.
1036 2814 1091 2865 aed
1111 2822 1135 2865 et
1153 2830 1197 2864 aas
1214 2810 1357 2864 namon.

189 2905 224 2917 -
239 2888 269 2932 et
285 2883 370 2933 terni
386 2882 419 2939 at
436 2882 535 2949 impari
553 2888 742 2943 (amantem)
761 2880 838 2933 Fris
1009 2884 1051 2933 14.
1086 2882 1114 2932 in
1132 2882 1241 2942 [olrico
1264 2882 1359 2933 mandi

189 2944 222 2997 B.
241 2975 276 2986 -
292 2950 439 3017 oporitcr
455 2949 668 3017 impnricsp.
686 2966 722 2999 m·
760 2950 853 3017 operi
868 2957 891 3001 ct
909 2949 1007 3017 impari
1024 2950 1152 3011 (ommi)
1172 2947 1294 3001 Gnaeo.
1310 2966 1357 3013 na,

189 3014 323 3081 ’111-
350 3018 452 3083 aptum
468 3015 570 3069 FRPG.
597 3046 624 3055 -
647 3020 834 3085 perfectionem
852 3018 1034 3072 divinitatio
1052 3034 1077 3069 v.
1099 3045 1134 3056 -
1155 3034 1208 3068 nnn
1227 3018 1309 3085 pund
1325 3014 1358 3071 F.

189 3109 223 3117 -
237 3091 334 3149 posset
354 3086 434 3153 mgb.
452 3110 485 3123 -
506 3087 627 3138 animare
641 3093 717 3151 (aop-
736 3087 857 3154 implere)
878 3086 928 3136 Rl.
1082 3088 1122 3137 15.
1162 3085 1281 3137 Plutonia
1299 3102 1358 3137 oer-

188 3146 232 3215 oa]
250 3148 331 3227 'Tirm
356 3169 382 3218 p.
399 3157 442 3203 115.
472 3182 506 3191 -
525 3154 724 3218 firmamento
742 3154 833 3221 veagis
855 3160 885 3215 (a
906 3152 934 3205 in
952 3170 1010 3271 ruffi.
1023 3156 1179 3217 sarmento).
1214 3152 1357 3217 „Edant

187 3216 346 3268 rectissime
363 3216 450 3271 habet
460 3222 650 3289 firmamento..
673 3220 757 3275 Pluto
775 3220 865 3285 euim,
890 3238 970 3287 quoru
1013 3220 1038 3271 ic
1056 3220 1168 3275 omnino
1187 3220 1358 3287 interpreta-

189 3288 234 3333 tur
253 3282 422 3348 Macrobius,
442 3284 530 3352 Μίαν,
549 3287 650 3354 ineptit,
667 3282 762 3356 ἀφεῖλε
779 3284 810 3340 τὸ
828 3287 938 3354 πρῶτον
959 3280 1014 3340 ἀπὸ
1032 3284 1137 3348 παντὸς
1150 3292 1260 3355 μοῖραν.
1295 3286 1357 3357 lgi-

188 3357 234 3401 tnr
251 3348 323 3404 irruo
340 3352 397 3404 πᾶν
413 3370 466 3405 nnn
480 3356 641 3418 fermentum
659 3356 816 3423 signifieat,
849 3358 921 3421 qaaod
942 3356 1086 3425 indignum
1107 3356 1276 3423 philosopho
1294 3363 1358 3408 erat

186 3416 399 3485 relinquendum
417 3422 573 3489 piatos-ibon
595 3439 628 3475 ac
646 3424 758 3491 coquis,
789 3422 1060 3489 aedfirmamentmn,
1093 3424 1112 3475 la
1141 3441 1165 3475 c.
1184 3424 1357 3491 universnm,

187 3486 306 3541 coelum.
341 3486 449 3543 Deinde
467 3507 519 3558 pro
533 3492 647 3559 primam
670 3500 699 3543 ot
717 3494 798 3562 leges
818 3490 935 3561 linguae
954 3499 982 3545 et
1005 3494 1085 3546 locus
1101 3492 1227 3545 Plutonia
1246 3490 1358 3545 vidntur

220 3643 261 3693 ts.
296 3644 431 3696 amarius
451 3658 575 3696 namma
599 3645 688 3711 prima
709 3646 745 3697 li·
796 3641 871 3695 dnxi.
906 3641 1039 3698 Fortasse
1057 3642 1219 3699 Macrobioe
1242 3642 1270 3696 in
1292 3642 1356 3697 eni-

185 3724 236 3760 m
259 3724 315 3761 eoae
335 3713 461 3764 medetur
486 3713 552 3779 cte]
584 3712 664 3765 llaec
689 3730 744 3768 aon
796 3728 841 3763 naa
859 3710 960 3763 habuit
978 3712 1109 3765 effectam
1124 3721 1301 3781 perpetuam.

185 3780 243 3827 um
260 3775 347 3829 facilc
365 3781 611 3833 aeooanmodantnr
630 3797 746 3847 geome-
832 3782 872 3831 15.
911 3796 943 3831 ax
967 3783 1038 3833 omni
1055 3781 1198 3849 [mmmm]
1228 3780 1246 3833 i.
1271 3798 1295 3833 a.
1319 3797 1355 3833 ax

184 3842 273 3896 tricae
291 3847 395 3899 rationi
412 3865 496 3915 qum
515 3865 587 3915 qnae
602 3851 616 3916 1
632 3855 649 3902 s
666 3867 743 3917 seqq.
794 3848 870 3900 omni
890 3864 992 3903 masaa.
1028 3848 1354 3912 cr.0vio.rtet.1,ro.:

184 3911 315 3985 dicuntur
333 3914 368 3966 de
386 3916 447 3981 pari
465 3934 591 3968 numero.
800 3916 878 3976 Cum,
912 3932 981 3983 quoe
996 3934 1088 3985 pronao
1111 3918 1158 3969 dia
1179 3933 1287 3969 annaeo
1310 3917 1355 3969 lo-

220 3984 260 4031 ld.
299 3983 423 4037 limaeam
436 3986 523 4055 igitm
541 3986 663 4039 Platonis
678 3984 743 4052 etc]
794 3992 867 4035 tuere
884 3985 930 4036 aul
947 3985 1011 4047 illa,
1032 3986 1128 4037 Sidera
1142 3993 1281 4053 coeperant
1299 3992 1356 4038 loto

184 4044 230 4098 (ll.
248 4048 272 4112 1,
286 4055 313 4111 a,
332 4052 375 4103 dd.
795 4054 1114 4117 efferuescerccnclo.
1150 4052 1230 4119 Quod
1246 4054 1357 4120 legitur

217 4133 271 4167 non
282 4118 346 4183 puio
358 4155 383 4169 ..
397 4120 572 4189 significaret]
587 4119 743 4171 Dicendum
794 4118 822 4172 in
841 4119 984 4172 veteribus
1000 4120 1166 4187 quibusdam
1179 4120 1357 4175 ⁴editionibus

183 4191 312 4235 erstem
331 4204 401 4253 pao,
428 4194 458 4241 et
474 4195 621 4255 praeterea
641 4188 745 4256 aliquid
793 4192 822 4239 et
841 4190 1073 4255 comprobaturas
1092 4188 1211 4252 Zeuuio,
1234 4206 1266 4241 cn
1283 4192 1358 4243 omni

182 4253 315 4315 corporei.
790 4256 996 4320 firmamento,
1016 4256 1044 4309 id
1064 4254 1290 4324 conspectatinne
1310 4258 1355 4309 di·

216 4323 247 4366 ut
263 4319 346 4383 poscit
364 4356 388 4370 ..
405 4322 500 4390 affecto
521 4322 570 4391 eat]
600 4322 663 4375 Hoc
681 4323 744 4389 qni·
794 4340 879 4391 gaona
900 4340 953 4375 non
970 4329 1022 4375 eat·
1058 4324 1183 4393 Numquae
1194 4328 1356 4391 firmamen-

182 4380 245 4433 rlem
281 4383 343 4434 loco
378 4403 512 4451 praecona
546 4398 655 4457 tempas
688 4406 743 4443 non
793 4398 848 4442 tum
862 4392 1002 4455 proculo
1016 4402 1160 4461 geometra
1174 4392 1286 4461 quidam
1301 4393 1356 4446 illc

182 4454 275 4515 pateat
288 4453 417 4503 excusari
435 4462 468 4505 nt
484 4455 507 4519 l,
524 4461 566 4519 to,
582 4462 622 4508 tc
641 4460 691 4510 ned
707 4457 743 4509 li·
793 4458 929 4510 Gronovii
949 4458 992 4521 (l,
1009 4460 1022 4525 5
1040 4466 1098 4525 8.),
1119 4462 1167 4513 aad
1187 4460 1354 4513 Macrobius

181 4517 241 4574 baia
280 4518 351 4571 Mes.
392 4521 644 4589 abtampemran
679 4538 744 4579 emo
792 4542 929 4593 umqum
946 4524 1032 4594 dixit,
1058 4536 1088 4583 ot
1105 4528 1132 4583 ai
1149 4528 1191 4585 cio
1207 4530 1263 4583 aaa
1281 4546 1355 4583 vaca
