2942 4859
191 86 235 153 4⁰
672 80 881 151 Manuosu

144 250 306 329 lasenarii
329 257 450 317 tantum
476 251 531 318 scd
551 258 585 317 et
604 251 769 339 septenarii
791 252 907 339 pariter
928 250 1061 336 dignitas
1088 253 1253 317 astruetur.
1296 248 1364 317 Hu-

192 358 284 403 mano
303 337 405 422 partui
427 336 667 423 frequentiorem
690 358 781 403 usum
804 350 914 403 novem
935 337 1087 402 mensium
1111 343 1195 402 certo
1218 356 1366 403 numero-

191 443 262 489 rurn
292 421 500 488 modulamine
524 431 633 488 natura
659 422 835 488 constituit:
873 422 928 487 sed
947 422 1026 487 ratio
1054 421 1112 487 sub
1134 421 1220 486 asciti
1249 422 1364 488 senarii

192 508 314 573 numeri
339 508 593 592 multiplicatione
622 508 791 593 procedens
818 506 909 572 etiam
936 514 1053 591 septem
1081 526 1203 571 menses
1224 509 1367 595 conpulit

142 592 345 679 15usurpari.
389 591 492 670 Quam
514 592 652 658 breviter
679 593 881 679 absoluteque
908 592 1054 657 dicemus.
1096 592 1185 657 Duos
1212 612 1280 657 ειιο
1301 593 1365 679 pri·

193 700 260 744 mos
283 679 422 744 omnium
443 698 644 744 numerorum
666 678 771 756 cubos,
794 678 825 743 id
845 686 892 742 est
911 698 928 743 a
950 677 1015 762 pari
1033 684 1113 754 octo,
1135 675 1174 741 ab
1197 676 1301 764 inpari
1319 679 1364 745 ti-

177 764 269 849 qinti
290 772 423 862 septem,
450 772 482 828 et
494 784 570 829 esse
590 764 726 851 inparem
749 784 882 841 marem,
907 782 1012 849 parem
1033 761 1194 840 laminam,
1220 764 1366 848 superius

192 869 408 934 expressimus.
451 850 571 914 Horum
591 857 722 934 uterque
740 849 766 914 si
786 869 842 934 per
859 847 1012 913 senarium
1033 866 1196 913 numerum
1215 849 1365 935 multipli-

192 942 295 1012 cetur,
315 932 454 999 efficiunt
473 935 593 999 dierum
614 954 795 1011 numerum,
839 933 870 998 ui
892 940 1010 1018 septem
1033 932 1190 998 mensibus
1209 954 1247 998 ex
1271 934 1365 1000 lican-

142 1020 252 1085 llltur.
301 1018 419 1084 Coeant
445 1018 528 1083 enim
554 1018 691 1096 numeri,
728 1039 794 1083 mas
816 954 867 1083 dle
895 1019 949 1105 qni
972 1025 1162 1085 memoratur
1187 1025 1220 1083 et
1240 954 1365 1100 ldmina,

192 1111 262 1169 octo
283 1103 399 1169 scilicet
419 1112 452 1169 et
471 1104 579 1188 viginti
601 1112 735 1189 septem,
757 1104 881 1189 pariunt
901 1126 938 1170 ex
961 1124 994 1169 se
1016 1104 1154 1190 quinque
1174 1110 1207 1168 et
1224 1103 1365 1190 triginta:

193 1188 269 1254 haec
289 1189 389 1254 sexies
410 1188 611 1275 multiplicata
632 1196 737 1254 creant
757 1189 862 1255 decem
886 1198 917 1255 et
938 1189 1103 1267 ducentas,
1141 1187 1195 1275 qui
1216 1207 1365 1257 numerus

192 1273 312 1339 dierum
335 1294 472 1339 mensem
494 1273 658 1359 septimum
681 1274 805 1340 claudit.
846 1276 893 1340 lta
915 1282 963 1340 est
984 1296 1058 1359 ergo
1079 1280 1189 1339 natura
1214 1272 1365 1343 fecundus

193 1357 244 1423 hic
264 1379 426 1435 numerus,
453 1367 490 1423 ut
508 1359 637 1457 primam
661 1358 786 1425 humani
808 1368 914 1443 partus
937 1359 1154 1446 perlectionem
1219 1360 1263 1425 asi
1283 1363 1364 1428 arbi·

144 1442 183 1507 11
193 1450 241 1507 ter
285 1443 386 1508 uidam
408 1445 593 1509 maturitatis
613 1445 758 1511 absolvat.
800 1444 954 1511 Discretio
975 1464 1048 1510 aero
1068 1466 1161 1510 sexus
1195 1446 1287 1524 uturi,
1306 1447 1364 1513 sic·

194 1535 230 1593 ut
281 1529 453 1613 ippoerates
473 1528 576 1606 refert,
600 1530 644 1594 sic
664 1531 698 1595 in
718 1537 808 1595 utero
828 1530 1007 1595 dinoscitur.
1048 1534 1115 1596 Aut
1134 1530 1217 1595 enim
1241 1539 1363 1617 septua-

192 1614 310 1697 gesimo
331 1622 386 1677 aut
406 1615 606 1698 nonagesimo
626 1613 676 1680 die
697 1622 864 1700 conceptus
876 1624 1042 1683 movetur:
1069 1615 1135 1681 dies
1156 1635 1229 1713 ergo
1249 1624 1363 1697 motus,

193 1700 381 1784 quicumque
403 1698 497 1763 luerit
518 1698 557 1765 de
577 1700 716 1777 duobus,
738 1708 786 1765 ter
810 1701 1029 1786 multiplicatus
1049 1708 1102 1765 aut
1123 1709 1286 1787 septimum
1308 1711 1365 1770 aut

143 1778 311 1850 lllnonum
333 1782 466 1868 explicat
487 1804 635 1849 mensem.
683 1787 768 1850 llaec
795 1784 833 1851 de
858 1787 956 1871 prima
983 1786 1147 1872 septenarii
1169 1806 1205 1851 οο
1227 1786 1364 1853 ulatione

194 1868 285 1935 libata
310 1867 382 1930 sint.
428 1867 570 1933 Secunda
593 1869 632 1933 de
657 1868 779 1934 duobus
807 1877 839 1935 et
863 1870 1001 1956 quinque
1028 1880 1083 1936 est
1130 1872 1181 1936 Ex
1206 1806 1255 1935 dis
1280 1872 1364 1958 dyas,

143 1952 266 2037 [urlquia
287 1958 357 2037 post
378 1951 509 2016 monada
532 1952 630 2036 prima
651 1962 712 2029 est,
739 1954 925 2039 primus'est
947 1976 1104 2021 numerus.
1146 1957 1229 2021 Haec
1250 1956 1289 2022 ab
1310 1958 1364 2023 illa

194 2036 417 2123 omnipotentia
437 2037 573 2101 solitaria
595 2037 627 2103 in
653 2039 790 2124 corporis
817 2039 1023 2126 intellegibilis
1048 2040 1161 2108 lineam
1188 2042 1287 2127 prima
1309 2043 1363 2109 de-

259 2208 329 2261 Μιι.
353 2206 622 2273 assemsum]

190 2303 248 2348 tum
264 2294 363 2347 amorii
386 2293 437 2345 aa.
457 2321 485 2332 -
513 2296 543 2347 ι’
582 2297 635 2347 itus
649 2296 754 2364 puriter
770 2295 802 2348 F.
954 2298 997 2351 ld.
1032 2298 1289 2365 conuitellum·
1308 2318 1363 2355 ιι-

191 2363 257 2419 meri
276 2364 376 2416 senarii
390 2359 422 2413 1³.
441 2388 475 2401 -
497 2380 541 2413 ιιι
554 2363 744 2431 tiplieutiouem
766 2364 849 2433 egil.
866 2391 901 2405 ·-
917 2367 1026 2419 mensis
1045 2366 1077 2420 B.
1097 2394 1129 2405 -
1148 2385 1292 2435 usurpare
1309 2370 1362 2423 Rl.

294 2434 336 2481 15.
371 2429 555 2482 dietmarum.
576 2448 620 2497 cg.
647 2460 672 2470 -
699 2433 814 2484 omnium
829 2434 928 2500 primos
946 2434 997 2485 Ra.
1022 2461 1052 2471 -·
1076 2436 1252 2501 cydeaR2G.
1279 2464 1306 2475 -
1330 2445 1362 2492 et
1467 2488 1468 2505 ,

192 2498 226 2549 et
244 2496 342 2565 impuri
360 2494 390 2548 F.
413 2524 447 2536 -
470 2498 599 2567 ceperim]
623 2499 658 2550 ef.
681 2498 709 2565 §d
731 2504 744 2549 1
763 2506 790 2552 et
808 2503 833 2552 8.
856 2530 888 2538 -
910 2518 958 2569 per
976 2503 1108 2553 senarium
1126 2502 1195 2568 (om.
1211 2506 1361 2573 numerum)

191 2566 287 2616 112111.
309 2593 346 2603 -
365 2565 555 2631 multiplicetur
577 2582 623 2619 em
654 2568 705 2617 atr.
729 2596 759 2606 -
781 2569 883 2621 dierum
902 2575 971 2634 (nm.
987 2571 1137 2636 numerum)
1157 2571 1208 2622 lit.

193 2636 235 2684 le.
274 2634 373 2685 Coeunt
389 2640 495 2684 nutem
509 2633 584 2699 (sup.
602 2635 686 2701 euim)
704 2635 755 2686 Re.
776 2664 805 2674 -
817 2637 945 2703 [eminae
964 2638 999 2689 H.
1015 2664 1049 2675 -
1064 2654 1176 2690 mensem
1193 2640 1294 2691 dicrum
1310 2639 1361 2693 Ra

191 2727 225 2738 -
249 2701 291 2751 itu
312 2715 367 2771 om.
390 2704 523 2763 „vetusta
546 2700 705 2766 scripture“
729 2702 815 2755 Grou.
834 2704 868 2755 ad
888 2704 902 2770 5
919 2708 945 2755 d.
965 2731 1000 2745 -
1022 2706 1154 2769 fecundus
1174 2706 1361 2775 Brsssrmpu

192 2765 320 2818 Tellure.
341 2833 348 2847 ⁸
352 2766 517 2831 foecundus
534 2769 728 2832 v-qerPBse.
762 2772 890 2823 secundus
907 2772 949 2821 du.
983 2770 1090 2839 Cl.§6.
1244 2780 1284 2827 11.
1319 2794 1361 2843 pe-

190 2852 241 2888 rne
255 2838 347 2900 futura
371 2833 505 2917 Bassl’m
526 2835 583 2900 (R2
605 2852 666 2902 unp.
686 2839 796 2921 penus)
818 2837 1026 2919 &allamma
1062 2848 1182 2924 purtup
1195 2844 1288 2908 futuri
1311 2859 1363 2915 ug

191 2900 313 3037 tuat.
325 2903 417 3018 p...
430 2910 556 3022 ...q
571 2903 751 3024 *strar
766 2908 947 3027 tussa
962 2912 1184 3031 restra?
1200 2908 1362 3033 sats.

191 3036 385 3089 neuram.
405 3064 433 3077 -
452 3054 577 3091 numerus
595 3047 633 3093 eet
650 3039 702 3091 Re.
722 3066 751 3078 -
774 3043 849 3094 tinea
869 3042 913 3095 ric
932 3048 966 3109 (g
986 3042 1015 3095 in
1033 3050 1114 3113 mg.).
1137 3074 1163 3085 -
1183 3048 1307 3115 primum
1325 3049 1359 3100 Η.

227 3188 269 3237 15.
311 3187 397 3251 Quum
419 3188 533 3241 llreaiter
627 3190 753 3243 dicemur.
804 3191 930 3259 σώματος
957 3195 1009 3248 τοῦ
1036 3194 1150 3249 παιδίον
1179 3191 1231 3260 ὄζοι
1301 3194 1362 3267 ἔξω,

195 3254 268 3305 Duae
286 3270 340 3305 eece
420 3259 542 3321 superine
559 3260 753 3325 expressimus]
804 3260 851 3312 noel
869 3259 897 3313 ol
915 3256 1009 3347 ὄνυχες
1028 3261 1074 3315 nal
1095 3262 1126 3316 al
1147 3264 1236 3333 τρίχες
1270 3262 1362 3333 §dalei-

192 3320 240 3372 Sic
258 3319 511 3389 interpungendum
537 3326 689 3377 caremihi
711 3326 753 3379 vi·
803 3329 909 3395 θησαν,
935 3347 997 3382 τοτε
1014 3328 1048 3398 δὴ
1066 3330 1113 3386 καὶ
1131 3330 1260 3400 κινέεται,
1279 3328 1362 3387 uulo‘

191 3388 321 3450 debetur,
334 3388 402 3439 licet
418 3388 446 3439 in
460 3391 539 3441 nulla
554 3392 677 3443 editione
691 3401 755 3460 poet
803 3392 901 3461 χρόνος
917 3393 945 3458 ἐς
960 3398 1043 3449 τοῦτο
1058 3397 1174 3466 γίνεται·
1192 3420 1208 3451 e
1218 3401 1230 3415 ”
1246 3398 1295 3467 plu
1351 3431 1362 3441 -

191 3456 310 3538 verbum
326 3457 622 3539 dicemuediatipctnm
640 3460 687 3525 eit,
706 3478 755 3512 ne·
804 3476 860 3515 σενι
884 3467 975 3532 τρεῖς
998 3466 1117 3585 μψῐὲνεςζ
1151 3421 1241 3589 vpndi
1263 3470 1362 3553 dulsqp

190 3539 452 3658 uersatus
468 3525 754 3663 laudasse:
803 3528 1062 3669 {masaa
1090 3553 1172 3655 m
1192 3533 1211 3655 t
1229 3532 1276 3655 ‚tt
1289 3538 1362 3671 aas:

189 3660 259 3711 ulter
354 3660 470 3713 dicemus
489 3678 544 3713 nou
566 3662 600 3714 ad
626 3663 753 3731 proxime
804 3668 872 3719 σθεν
893 3668 948 3719 τῶν
972 3669 1090 3721 παιδίων
1112 3666 1217 3723 τούτου
1234 3670 1284 3723 τοῦ
1299 3668 1362 3738 χρό-

189 3726 337 3795 sequentia
354 3731 475 3791 tantum,
509 3745 580 3797 qnae
599 3732 753 3797 pendente
802 3751 854 3788 νον
871 3730 1043 3801 ιιινέειαι,οι
1062 3738 1245 3793 decernibus
1265 3745 1361 3805 (quem

189 3797 277 3845 verbo
305 3796 492 3863 expressimus,
525 3799 574 3850 aed
599 3799 635 3850 ed
658 3799 752 3851 omnia
801 3804 933 3854 libellum
951 3804 1078 3870 sequitur
1101 3807 1215 3859 libellus
1238 3807 1273 3858 de
1290 3813 1361 3874 sept.

189 3861 346 3929 pertinent,
376 3878 448 3929 qnae
464 3862 560 3918 ineunt
578 3864 606 3917 in
626 3866 655 3933 §5
674 3870 705 3920 15
723 3872 753 3920 et
802 3876 898 3940 partu]
919 3888 944 3936 p.
957 3875 1023 3923 2⁵4:
1041 3866 1073 3923 τὸ
1092 3873 1204 3927 παιδίον
1218 3870 1362 3942 ἑπτάμη-

190 3932 234 3983 lo.
308 3996 315 4011 ·
401 3998 408 4012 .
801 3955 862 3992 νον
879 3934 961 4005 γόνον
993 3936 1039 3993 eud
1059 3956 1119 3993 ενον
1137 3938 1207 4013 λόγῳ
1223 3938 1362 4009 γεγένηται

225 4002 265 4047 lt.
290 4003 358 4049 eacut
369 3996 546 4065 Hippocrates
556 4002 647 4069 refert]
661 4001 752 4067 „Vide
801 4002 849 4058 uel
865 4006 911 4073 ζῆ,
941 3956 992 4057 aod
1007 4008 1021 4059 1
1039 4025 1088 4075 γον
1105 4007 1158 4077 ἔχει
1172 4010 1301 4061 τοιοῦτον
1316 4006 1363 4063 καὶ

189 4062 305 4115 ΙίΙιεΙΙοι
319 4065 353 4115 de
365 4072 465 4117 nutura
483 4067 564 4133 pueri
580 4069 655 4120 etde
669 4077 751 4137 partu
801 4068 924 4157 ἀριθμὸν
941 4066 1057 4193 depende
1079 4073 1106 4137 ἐς
1128 4074 1177 4139 τὰς
1196 4073 1361 4145 ἑβδομάδας,

189 4131 394 4211 septimeatri.“
420 4132 504 4186 Zeus.
546 4134 581 4187 At
602 4153 675 4203 qnae
696 4154 751 4205 ego
802 4136 958 4208 ὀκιομηνον
997 4138 1180 4211 ἒνενόμενον
1202 4140 1285 4197 οὐδὲν
1296 4144 1363 4265 stoi

189 4198 282 4251 invem
303 4200 377 4265 apud
395 4200 610 4267 Hippocratem,
645 4220 679 4257 οι
696 4222 750 4258 nnn
802 4204 923 4275 πώποτε,
956 4203 1033 4263 ἐννέα
1055 4208 1085 4264 δὲ
1109 4212 1204 4279 μηνοῖν
1226 4210 1275 4263 aul

189 4266 260 4319 ιιιίι
275 4281 325 4316 con
350 4273 432 4318 ruunt
451 4283 513 4320 curn
530 4271 669 4323 Macrobii
687 4291 752 4325 ver·
819 4272 923 4341 pspa'nv
944 4271 1025 4359 priuos
1043 4278 1160 4347 γίγνεται
1189 4277 1237 4332 aul
1262 4278 1293 4346 ζὴ
1314 4278 1362 4333 sul

188 4332 244 4386 laia.
279 4332 310 4383 lu
328 4282 430 4383 duello
449 4334 484 4384 de
501 4343 602 4389 nutura
620 4340 701 4405 pueri
720 4358 750 4405 p.
794 4346 855 4409 ’χιι
871 4338 921 4392 τὸν
937 4342 1061 4409 αριθμὸν
1077 4343 1112 4398 ἀι
1131 4344 1193 4399 utin
1207 4344 1301 4408 ἐμὰς
1318 4345 1362 4415 ἑβ-

188 4405 254 4463 241,
282 4399 300 4449 l.
323 4400 364 4477 ²⁵..
380 4398 439 4460 (ed.
456 4399 591 4481 prunoet.
619 4422 644 4456 ιι.
669 4408 750 4463 16241
802 4403 934 4473 δομάδοις.
969 4404 1096 4479 τέσσαρες
1113 4366 1225 4475 derasidas
1245 4410 1362 4485 ἑβδομά-

187 4468 310 4539 legitur:
345 4478 415 4515 οταν
437 4464 477 4517 δε.
491 4466 527 4535 δὴ
549 4468 585 4522 τὰ
604 4466 677 4538 dupe
699 4474 752 4527 τοῦ
802 4472 858 4527 δον
883 4468 982 4542 ἡμέραν
1009 4478 1077 4535 εἰσιν
1104 4477 1241 4549 demadem
1262 4475 1361 4549 tatol-

1320 4210 1327 4229 0

1313 4230 1363 4266 Μ
