2942 4859
245 22 381 152 COMMi
402 82 446 151 IN
466 80 710 152 8011118011).
754 82 830 151 LIB.
848 84 871 149 1.
914 83 1004 151 οΑΡ.
1026 88 1109 154 xlv.
1217 88 1255 156 81

95 253 272 338 degenerat:
295 252 389 319 hahet
408 273 482 339 ergo
503 260 536 318 et
553 248 748 340 purissimam
769 276 807 319 en
830 263 942 332 mente,
964 254 1003 320 de
1025 276 1085 342 qua
1108 265 1156 322 est
1177 263 1310 338 nata‚[⁷⁰l

95 338 257 416 rationem,
290 339 373 424 quod
394 334 528 421 λογικὸν
551 348 692 415 vocatur,
727 348 816 405 etex
837 361 893 405 sue
914 349 1024 405 natura
1042 343 1153 426 accipit
1173 364 1260 429 prae·

95 424 184 489 hendi
206 445 314 489 seusus
353 423 559 509 raebendique
579 424 759 490 inerementi
781 425 987 503 seminarium,
1008 448 1142 512 quorum
1161 449 1259 495 unum

95 504 286 592 αἰσθητικὸν
314 446 445 574 aiterum
474 505 614 594 φυτικὸν
641 518 844 595 nuncupatur.
887 510 948 575 Sed
976 532 1014 575 ex
1042 511 1091 578 his
1116 513 1261 597 primum,

96 595 126 659 id
147 603 195 660 est
216 592 365 677 λογικὸν,
394 594 477 680 qued
500 594 640 659 innatum
661 595 718 659 sibi
741 616 779 659 ex
801 603 904 659 mente
923 597 1066 680 sumpsit,
1092 598 1172 663 sieut
1190 620 1262 664 rere

96 679 233 747 divinum
254 688 315 758 est,
334 681 375 745 ita
396 680 470 745 solis
490 679 601 744 divinis
624 687 746 764 aptum:
782 680 901 765 reliqua
921 680 999 758 duo,
1019 679 1212 765 αἰσθητικὸν
1231 693 1264 749 et

96 762 252 851 peteuda,
286 771 365 850 uta
393 764 503 831 divinis
527 764 690 841 recedunt,
723 766 766 829 ita
796 764 1009 830 convenientia
1033 775 1106 831 sunt
1133 768 1262 834 caducis.

96 852 208 918 Anima
229 871 303 935 ergo
323 871 430 915 ereans
450 850 507 915 sihi
530 849 727 935 condensque
750 870 878 935 corpora
900 858 986 929 (nam
1010 850 1079 917 ideo
1101 854 1140 917 ah
1161 855 1262 919 anima
1293 852 1314 920 8

97 945 205 1003 natura
232 934 340 1020 incipit
362 957 453 1022 quam
476 934 628 1021 sapientes
650 934 688 999 de
716 935 774 1000 deo
797 943 830 1000 θῖ
854 944 959 1000 mente
981 937 1065 1001 νοῦν
1086 938 1263 1015 nominant)

96 1044 135 1088 ar
156 1021 209 1086 iilo
231 1041 317 1086 mero
337 1040 371 1085 ae
393 1020 558 1106 purissime
580 1020 664 1085 sente
686 1020 813 1098 mentis,
852 1042 946 1106 quem
969 1022 1122 1087 nascendo
1144 1023 1182 1088 de
1203 1024 1264 1088 eri·

97 1106 175 1193 ginis
197 1126 271 1172 suae
292 1104 436 1195 hauserat
459 1106 561 1192 eopia,
597 1124 727 1190 corpora
750 1104 801 1170 iiia
824 1105 926 1171 divina
951 1106 997 1171 rei
1023 1127 1149 1193 supera,
1188 1107 1265 1173 eueii

96 1194 165 1257 dieo
183 1199 215 1257 et
234 1191 378 1268 siderum,
397 1211 478 1277 quae
498 1189 595 1275 prima
615 1191 776 1267 condebat,
793 1191 953 1256 animarit:
976 1192 1160 1292 divinaeque
1180 1214 1266 1257 meu·

99 1286 147 1343 tes
178 1277 322 1342 omnihus
358 1275 539 1361 corporibus
575 1296 654 1360 quaa
688 1277 720 1340 in
755 1274 885 1359 formam
920 1284 1065 1355 teretem,
1103 1279 1133 1343 rd
1160 1278 1267 1345 estin

98 1362 245 1449 sphaerae
268 1361 408 1439 modum,
443 1360 656 1425 formabantur
687 1359 806 1425 infusae
834 1368 921 1425 sunt:
958 1369 991 1426 et
1018 1362 1077 1427 hee
1099 1372 1148 1428 est
1173 1363 1267 1447 qued,

97 1470 169 1514 eum
195 1447 234 1512 de
262 1446 357 1511 stellis
386 1446 580 1530 loqueretur,
612 1446 671 1510 ait:
709 1446 919 1532 quaedamsed
946 1447 1095 1512 animatae
1113 1450 1268 1512 mentibus.

98 1536 135 1599 In
162 1531 307 1597 inferiora
334 1550 408 1598 vero
435 1550 470 1593 ae
502 1538 625 1594 terrena
655 1529 846 1613 degenerans
878 1529 1073 1613 fragilitatem
1103 1552 1267 1615 corporum
1297 1528 1319 1593 9
1408 1580 1413 1589 .

98 1618 285 1684 caducorum
308 1613 512 1700 deprehendit
538 1626 652 1679 meram
675 1614 867 1678 divinitatem
889 1614 1002 1678 mentis
1030 1616 1270 1681 sustinere‘non

97 1724 201 1789 posse,
222 1701 318 1765 immo
339 1706 457 1785 partem
480 1698 546 1763 eius
566 1698 614 1763 vir
636 1698 711 1763 sudis
731 1698 875 1762 humanis
896 1699 1077 1783 cerporibus
1095 1701 1269 1777 eonvenite,

98 1788 174 1875 quia
195 1792 226 1850 θῖ
248 1784 313 1849 sola
335 1784 478 1850 videntur
499 1791 615 1857 erecta,
653 1790 812 1869 tamquam
840 1804 920 1868 quae
940 1784 979 1848 ad
1005 1806 1115 1870 supera
1138 1785 1177 1850 ah
1200 1786 1270 1850 imis

6 1873 11 1883 ’
97 1871 255 1947 recedant„
274 1878 306 1935 θῖ
325 1869 390 1934 sola
411 1868 528 1933 eaelum
548 1867 635 1933 ieeile
652 1875 809 1953 tamquam
830 1888 952 1953 semper
970 1878 1071 1934 ereeta
1089 1891 1142 1936 sus
1165 1869 1271 1948 ieiuni,

99 1958 238 2041 solisque
266 1954 345 2019 inest
370 1954 418 2019 vei
448 1952 479 2017 in
505 1952 603 2038 eapite
627 1952 776 2039 sphaerae
797 1952 979 2031 similitudo,
1020 1976 1113 2040 quam
1140 1892 1271 2021 iiarmam

99 2042 236 2108 diximus
254 2038 352 2104 solam
375 2037 486 2103 mentis
509 2058 660 2123 eapaeem.
714 2038 779 2104 Sodi
799 2060 873 2123 ergo
896 2038 1014 2104 homini
1037 2042 1207 2119 rationem,
1239 2041 1271 2106 id
1282 2036 1322 2102 10

101 2134 151 2195 est
171 2125 232 2191 rim
255 2124 381 2201 mentis,
402 2122 528 2199 infudit,
550 2124 599 2187 eui
622 2123 710 2189 sedes
733 2124 885 2210 incapite
907 2132 969 2190 eet:
990 2125 1044 2191 sed
1066 2136 1098 2192 et
1117 2128 1272 2212 geminam

103 2212 188 2279 iilam
209 2208 360 2276 sentiendi
383 2208 601 2293 crescendique
626 2218 783 2287 naturam,
815 2210 887 2293 quia
910 2210 1059 2275 caducum
1080 2220 1129 2276 est
1150 2232 1272 2298 eorpus,

105 2296 245 2363 inseruit.
288 2295 331 2359 Et
353 2292 425 2357 hine
450 2300 498 2357 est
521 2292 604 2378 quud
626 2293 719 2359 homo
741 2303 774 2359 θῖ
793 2294 921 2358 rationis
939 2315 1066 2380 compes
1087 2303 1135 2360 est
1154 2303 1186 2360 θῖ
1205 2290 1320 2360 seu-ll

102 2382 144 2449 rit
161 2390 192 2447 at
212 2379 330 2457 erescit,
349 2378 476 2463 sedeque
496 2377 614 2442 ratione
635 2378 750 2443 meruit
769 2384 924 2461 praestare
940 2379 1051 2443 eeteris
1073 2379 1324 2453 animniihusdrr}

3 2536 7 2557 ,
103 2488 186 2555 quae
205 2466 277 2553 quie
298 2482 421 2549 semper
437 2482 535 2551 prena
557 2468 630 2528 sunt
655 2471 687 2527 θῖ
713 2483 754 2527 ex
781 2462 847 2547 ipse
866 2482 991 2548 quoque
1010 2462 1197 2548 suspiciendi
1216 2462 1274 2529 dii·

903 2682 987 2744 [eea.
1006 2681 1208 2751 venemur».

101 2788 231 2840 eerpereu
258 2768 304 2837 (ιιῖ
330 2770 403 2823 duae
430 2769 487 2821 sint
515 2767 613 2835 voces)
640 2767 714 2818 hs-n.
743 2793 774 2803 -
803 2774 871 2819 aare
892 2775 932 2819 eet
960 2767 1012 2817 Ra.
1040 2796 1073 2806 -
1099 2786 1131 2820 ee
1152 2785 1202 2821 ene
1224 2786 1277 2821 nu·

101 2848 168 2893 euru
185 2842 253 2902 (em.
274 2838 312 2904 θῖ)
335 2852 377 2889 ea.
395 2866 427 2877 -
450 2838 590 2891 estherieen
607 2852 689 2887 unum
712 2834 762 2885 Rss.
787 2862 813 2872 -
839 2834 952 2886 alterum
974 2830 1091 2901 peteuda
1111 2852 1164 2887 om.
1190 2838 1219 2889 P.
1243 2862 1276 2874 -·

103 2908 157 2959 reli
176 2923 211 2958 uu
236 2922 312 2957 earo
333 2907 385 2957 duo
411 2904 462 2955 Bl.
485 2933 521 2945 -
542 2902 729 2956 convenienda
753 2901 783 2951 h·
944 2906 971 2951 8.
1010 2919 1102 2954 ereans
1123 2908 1192 2964 (om.
1213 2905 1277 2965 aeuo

103 2924 187 3027 mhi.
222 2972 322 3039 ,uiuri
340 2990 437 3024 umnee
452 2988 543 3023 ereans
560 2972 637 3023 uuir·
657 2970 742 3021 Gran.
761 2994 794 3006 -
812 2968 926 3018 condens
939 2984 1048 3035 corpere
1069 2986 1211 3039 creansque
1228 2972 1280 3024 sihi

103 3044 159 3095 m.
181 3070 209 3080 -
231 3042 278 3093 iliu
297 3046 365 3101 (uni.
384 3046 468 3101 mera)
487 3039 557 3091 Bure.
578 3066 611 3078 -
628 3037 763 3089 condidit
779 3035 850 3086 uun.
868 3060 899 3073 —
921 3036 1041 3089 omnihus
1058 3041 1208 3107 cerporibus
1223 3056 1279 3091 em.

104 3110 182 3162 Bere·
201 3134 234 3147 -
256 3124 349 3176 sperae
366 3110 394 3159 in
411 3109 517 3161 medum
535 3106 565 3157 F.
589 3134 615 3143 -
635 3108 803 3171 formantur
822 3102 919 3154 Breu-
939 3130 973 3143 -·
1000 3108 1279 3175 omnihueeerpe-

104 3179 201 3230 ribus
218 3178 325 3240 insuaue
351 3176 422 3226 Bura.
592 3177 617 3223 9.
654 3173 786 3237 luserim
804 3177 874 3231 (um.
892 3172 935 3231 in)
954 3172 987 3223 G.
1010 3200 1044 3210 -
1067 3175 1231 3243 degenerans
1248 3192 1280 3225 ee

105 3254 214 3299 terrene
235 3243 267 3294 F.
287 3270 320 3283 -
342 3244 508 3295 diuinitatem
526 3242 652 3292 sustinere
666 3242 760 3291 mentis
779 3239 829 3289 82.
852 3266 886 3279 -
909 3247 1044 3307 remquam
1061 3243 1130 3307 (οι.
1173 3245 1238 3309 uae)
1256 3242 1280 3293 P

106 3312 233 3365 nemus.
256 3338 288 3349 -
308 3327 432 3378 superna
448 3309 477 3359 h.
494 3336 527 3347 ·-
539 3308 627 3375 suciis
643 3308 746 3359 caelum
763 3305 794 3357 F.
830 3306 931 3357 eaelum
946 3309 1034 3372 faeie
1050 3308 1119 3361 Bun.
1136 3261 1174 3371 (0
1190 3326 1206 3362 u
1224 3326 1281 3361 see.

106 3387 162 3441 m.)
183 3407 209 3418 -
233 3378 359 3445 dirimas]
384 3377 426 3428 01.
445 3392 468 3427 e.
488 3380 534 3440 12,
552 3377 565 3441 5
581 3379 606 3426 h.
762 3378 802 3425 10.
840 3375 898 3426 Seii
915 3374 1026 3442 igitur
1042 3376 1134 3443 rth.
1156 3408 1185 3415 —
1207 3394 1281 3429 men-

105 3450 144 3503 tis
161 3448 214 3499 eim
234 3448 284 3497 ua.
301 3472 333 3485 -
352 3446 484 3497 ereseeudi
500 3443 679 3510 sentiendique
696 3457 757 3509 v-g.
910 3444 951 3491 11.
986 3444 1100 3495 rationis
1116 3461 1224 3512 erepet
1239 3445 1283 3494 R!

106 3516 162 3579 (eh
181 3516 208 3567 in
228 3521 309 3581 mg-J.
332 3540 365 3552 -
385 3527 471 3581 prena
491 3520 552 3563 eunt
569 3527 669 3577 eernper
691 3510 743 3559 Rl.
766 3534 798 3547 -
820 3524 852 3560 ex
869 3509 930 3575 ipre
945 3526 1077 3590 paneque
1096 3512 1167 3579 v-gh
1189 3510 1282 3577 ‚,qned

106 3601 166 3638 nen
182 3581 307 3636 alienum
322 3585 351 3634 οῖ
365 3582 401 3634 ah
418 3596 470 3631 nan
486 3578 623 3631 Marrubii
639 3577 795 3630 abhorrens
814 3580 858 3628 θθῖ
874 3575 1120 3629 existumaudam.'“
1141 3578 1227 3629 Zenn.
1251 3604 1282 3615 -

147 3801 220 3870 qued
237 3796 346 3867 depende
364 3806 474 3851 edentur
489 3797 554 3863 eim]
586 3794 628 3847 01,
653 3794 676 3861 1,
725 3794 873 3865 principia,
898 3793 968 3861 pund
984 3797 1155 3860 misaelem,
1178 3794 1286 3849 taudem

111 3874 159 3935 la,
174 3873 214 3921 14.
250 3860 417 3933 αἰσθητικὸν
432 3872 460 3917 et
470 3860 587 3933 φυτικὸν
601 3880 678 3915 eem-
788 3878 904 3913 remeare
921 3862 1084 3925 (animem).

109 3944 309 3991 memorentur
328 3934 414 3985 etiarn
432 3933 507 3985 infru
531 3932 554 3997 1,
574 3934 614 3995 19,
633 3934 676 3983 23.
762 3934 787 3981 9.
824 3946 892 3996 quae
914 3930 951 3980 ud
968 3946 1066 3999 supere
1083 3932 1117 3984 αῖ
1138 3931 1198 3982 imis
1214 3945 1286 3981 reee-

728 3996 805 4061 duut]
830 3996 871 4046 Gi.
885 3995 944 4047 (lie.
961 3999 996 4049 de
1014 4002 1045 4050 N.
1059 4000 1090 4050 i).
1104 3998 1147 4061 11,
1162 4001 1209 4061 56,
1229 3999 1287 4049 140.

732 4064 800 4115 Sunt
822 4064 891 4114 enim
912 4073 1015 4117 eterra
1033 4068 1163 4129 hemines,
1187 4083 1240 4118 nan
1258 4073 1289 4118 ut

729 4131 832 4184 ineolue
845 4138 925 4198 atque
940 4132 1112 4199 habitatores,
1127 4134 1174 4187 red
1193 4133 1289 4202 queri

730 4205 936 4266 spectatores
963 4217 1156 4267 superarum
1183 4218 1289 4253 rerum

731 4274 830 4333 atque
849 4266 1059 4333 caelestium,
1095 4286 1208 4338 quarum
1227 4284 1288 4335 epe-

146 4031 175 4089 B.
210 4036 244 4087 uh
263 4034 354 4085 enimn
371 4041 471 4085 nutura
488 4032 581 4099 incipit
597 4048 677 4098 quum

184 4102 251 4155 νοῦν
274 4101 422 4167 nemiuem]
451 4100 492 4152 01.
517 4099 530 4166 fi
555 4103 579 4149 ’1.
602 4100 679 4151 hehet

112 4188 183 4243 ergo
192 4168 315 4233 (anima)
326 4177 350 4222 θῖ
361 4170 531 4236 purissimam
545 4183 576 4218 ee
585 4174 680 4230 mente,

113 4242 150 4293 de
167 4254 220 4305 pue
236 4244 275 4289 eet
291 4242 372 4298 aare,
388 4237 530 4297 rationem,
548 4235 618 4302 quud
635 4234 680 4284 ῖο-

112 4305 196 4376 γικὸν
213 4312 336 4365 vocetur,
355 4320 437 4370 quarn
457 4302 594 4355 rationem
613 4300 681 4353 dicit
731 4333 865 4385 mengum
892 4334 929 4385 ap
960 4335 1064 4390 ,mum
1095 4338 1173 4390 ,Μ
1204 4350 1290 4403 gem.

114 4368 682 4543 11111111ἷῖΫῖἷῃιιιῗῗῗὶθξῗέἔὲ
731 4400 1054 4537 ξ’ξῗῗξξῖῖᾞπᾱν
1082 4404 1152 4458 cum
1166 4400 1292 4471 ure-er.-

1115 4556 1138 4620 6
