2942 4859
321 100 522 173 eouu.1n
541 102 668 177 soum.
688 106 789 175 scu.
831 108 951 177 nnn
995 112 1085 180 cm.
1105 114 1161 180 ru.
1277 64 1324 183 ed

150 264 295 350 sphoera,
315 290 395 356 qnae
413 266 559 357 ἀπλανὴς
578 275 705 356 dieitur,
725 298 825 366 usque
844 280 882 346 ad
904 280 987 366 globi
1008 281 1124 347 lunaris
1144 282 1368 369 exordiumler]

148 353 327 419 mutabilem
353 377 425 422 sero
445 378 463 421 a
486 358 558 423 lunc
580 360 618 425 ad
639 370 737 428 terres
756 385 857 450 usque
877 365 1036 432 dixerunt:
1075 375 1107 433 et
1128 367 1231 434 virere
1251 371 1318 436 ani·

147 456 229 512 mas,
265 438 337 504 dum
360 441 392 506 in
414 443 587 509 inmutabili
608 454 695 531 parte
715 449 901 527 consistunt,
936 451 1152 530 morientem,
1187 474 1257 518 cum
1276 456 1317 521 ad

146 529 265 605 partem
288 525 453 592 ceciderint
472 530 707 613 permutationis
728 554 885 617 capacem,
906 543 999 633 etque
1021 536 1090 601 ideo
1108 537 1190 602 inter
1210 537 1316 607 lunam

115 614 306 705 ,terresque
335 612 436 676 locum
467 614 575 679 mortis
602 624 633 680 et
663 616 832 684 inlerorum
861 640 976 685 soceri:
1021 622 1180 707 ipsamque
1210 622 1314 689 lunam

146 700 227 757 vrtac
247 714 314 759 esse
337 697 507 782 mortisque
527 699 709 779 confinium,
750 710 783 767 et
801 703 920 769 animas
938 704 1010 769 inde
1031 705 1063 769 in
1082 714 1196 771 terram
1216 707 1314 772 lluen-

145 784 194 843 tes
214 780 304 876 mori,
327 780 398 847 inde
421 782 458 847 ad
480 804 591 869 supera
609 796 749 852 meantes
770 787 802 852 in
822 789 916 855 ritum
938 789 1061 867 reverti,
1080 812 1137 854 nec
1160 792 1314 871 inmerito,

144 871 341 930 aestimatum
369 874 425 931 est
480 872 509 934 Α
536 869 610 935 luna
638 871 722 936 euim
749 872 893 938 deorsum
918 873 1027 939 natura
1055 874 1162 959 incipit
1184 876 1313 941 caduco·

144 968 230 1013 rum:
250 950 289 1015 ab
310 948 367 1015 hac
384 952 504 1019 animae
524 954 582 1019 sub
604 977 770 1022 numerum
791 957 912 1024 dierum
935 958 1044 1023 cadere
1064 966 1096 1024 et
1116 958 1174 1023 sub
1191 966 1313 1045 tempus

144 1033 307 1119 incipiunt
355 1037 498 1124 Denique
525 1038 608 1105 illam
635 1042 804 1107 aetherium
831 1050 944 1109 temam
973 1043 1089 1129 physici
1117 1051 1341 1122 vomuerunt'l

143 1127 177 1183 et
197 1118 382 1201 habitatores
402 1122 468 1189 eius
495 1124 618 1191 lunares
644 1127 775 1212 populos
796 1136 1028 1214 nuncuparunt:
1070 1128 1153 1215 quod
1178 1128 1221 1193 ita
1245 1150 1313 1194 esse

142 1204 285 1290 plurimis
306 1208 511 1292 argumentis,
545 1230 624 1295 quae
646 1234 728 1277 nnnc
750 1213 877 1298 longum
898 1224 946 1279 est
967 1233 1165 1292 enumerare,
1198 1213 1311 1279 docue-

142 1297 225 1355 runt.
272 1291 338 1357 Nec
364 1292 493 1359 dubium
520 1303 583 1371 est,
620 1296 696 1381 quin
724 1297 790 1381 ipsu
819 1298 860 1363 sit
885 1298 1060 1364 mortalium
1088 1319 1252 1384 corporum
1279 1306 1312 1364 et

143 1383 252 1441 suntor
278 1384 311 1441 et
336 1378 503 1454 conditrix,
539 1379 616 1445 odeo
638 1389 674 1446 ut
699 1382 847 1447 nonnulla
869 1403 997 1468 corpora
1019 1383 1077 1447 sub
1097 1382 1222 1447 luminis
1242 1382 1311 1449 eius

141 1480 267 1527 necessu
292 1462 448 1546 patiantur
471 1471 637 1547 augmenta
657 1472 689 1531 et
708 1464 768 1531 hac
789 1466 984 1531 decrescente
1005 1467 1194 1532 minuantur.
1240 1467 1311 1544 Sed,

142 1567 183 1611 ne
202 1545 241 1609 de
264 1566 298 1610 re
319 1546 478 1611 manifesta
502 1547 656 1613 fastidium
680 1550 799 1633 prolixa
817 1549 991 1616 adsertione
1010 1560 1189 1634 generetur,
1214 1549 1252 1613 ad
1274 1570 1312 1615 ee
1388 1626 1392 1636 ,

141 1652 223 1717 quoe
251 1630 290 1695 dc
319 1629 489 1697 inferorum
517 1632 585 1697 loco
611 1632 664 1698 alii
696 1633 849 1699 definiunt
878 1644 1079 1701 transeamus.
1130 1632 1340 1704 Maluerunt8

140 1716 226 1781 enim
247 1714 396 1782 mundum
416 1716 468 1781 olii
486 1716 519 1781 in
539 1716 690 1781 elementa
710 1726 760 1783 ter
776 1726 925 1803 quaterna
941 1718 1087 1794 dividere,
1104 1724 1142 1783 ut
1158 1715 1190 1781 in
1210 1718 1311 1804 primo

140 1806 347 1867 numerentur
371 1800 480 1866 ordine
506 1809 589 1866 terra
614 1822 694 1887 aqua
722 1823 776 1868 aer
801 1804 895 1887 ignis,
975 1802 985 1867 i
1007 1811 1142 1887 estpars
1165 1801 1312 1886 liquidior

139 1885 222 1953 aeris
246 1884 344 1951 uicina
365 1885 471 1951 luuee:
511 1906 604 1972 supra
627 1886 702 1952 haec
727 1908 850 1953 rursum
927 1882 1007 1953 'em
1030 1906 1160 1953 numero
1182 1885 1236 1951 sed
1257 1907 1310 1962 nas

138 1978 230 2037 turae
250 1970 383 2054 purioris
404 1970 572 2045 elementa,
606 1979 643 2037 ut
663 1971 703 2037 sit
727 1972 802 2037 luna
822 1994 878 2059 pro
897 1980 995 2052 terre,
1049 1992 1121 2037 uam
1140 1970 1309 2037 aetherium

140 2064 254 2123 terram
276 2076 294 2121 a
316 2054 448 2153 physicis
470 2055 603 2123 diximus
623 2056 823 2135 nominatam,
841 2078 922 2143 aqua
941 2058 983 2123 sit
1001 1993 1131 2143 addere
1151 2056 1310 2134 Mercurii,

140 2163 194 2211 aer
215 2141 359 2217 Veneris,
379 2139 457 2225 iguis
479 2140 510 2205 in
528 2141 608 2225 sole:
636 2141 747 2206 tertius
768 2163 841 2209 vero
861 2143 1085 2208 elementorum
1108 2139 1184 2206 ordo
1206 2141 1248 2206 ita
1268 2140 1307 2207 ed

141 2247 199 2293 nos
220 2244 386 2291 conremus
406 2224 570 2303 habeatur,
603 2232 640 2291 ut
659 2233 774 2293 terram
793 2227 935 2292 ultimam
954 2226 1059 2303 iaciat,
1093 2233 1126 2291 et
1142 2226 1253 2290 ceteris
1274 2226 1307 2292 in

141 2310 277 2379 medium
298 2309 428 2375 reductis
450 2310 482 2375 in
504 2316 603 2377 terres
620 2310 741 2377 desinet
763 2320 829 2378 mm
848 2312 911 2379 ime
931 2332 1025 2400 quam
1046 2328 1167 2378 summe
1187 2317 1357 2398 postte-[ee]

934 2485 1019 2551 [ΕΜ.
1036 2482 1241 2552 vieslrgspdeb.

139 2605 177 2618 -
191 2594 208 2629 o
228 2576 302 2629 lenes
320 2574 388 2627 llus.
406 2577 436 2654 pt
450 2569 519 2653 Edd.
541 2598 576 2611 -
598 2568 811 2655 intinmutpdili
827 2569 1058 2654 ¹³¹?¹.¹¹·¹'.¹'¹³'⁸·.
1085 2569 1114 2621 in
1126 2568 1251 2650 petplili
1265 2568 1310 2623 R!

141 2650 173 2698 vl
194 2595 304 2711 (dsup.
323 2643 387 2695 edd.
402 2644 461 2700 ess).
494 2640 654 2720 snmutupsts
673 2640 707 2691 (i.
742 2639 980 2721 immutationum
1004 2673 1011 2687 .
1046 2636 1212 2717 smmsteluls
1228 2636 1323 2705 B.·-,

141 2712 297 2769 eseidmust
314 2709 350 2762 (i.
372 2735 405 2746 -
424 2708 699 2775 permutudstststss
715 2706 747 2759 la.
772 2732 799 2745 -
824 2715 960 2774 morteque
1003 2720 1049 2757 ιιι.
1067 2729 1101 2744 -
1121 2705 1253 2785 sudsere.
1273 2704 1307 2787 ll.

143 2808 171 2821 -
193 2782 221 2832 in
240 2788 337 2832 terrene
348 2778 465 2857 ficientes
481 2775 549 2827 mori
566 2790 620 2824 om.
637 2775 687 2825 Rl.
707 2800 740 2815 -
762 2775 800 2826 ud
817 2790 941 2855 superne
959 2773 1031 2855 B.⁸⁸.'
1048 2798 1083 2853 Γ
1099 2789 1162 2823 nen
1180 2781 1309 2825 emersio

140 2848 284 2971 :lille
301 2840 1164 2991 ritldfmttttill‘liddensi'Pt'ntll'ttlsln
1180 2842 1308 2973 nine-{2

138 2974 1059 3111 tttltff'dllnn'lllltl.melfiensis?
1075 2977 1307 3109 :32:23⁰ss

142 3148 170 3160 -
190 3119 249 3171 leuc
267 3117 427 3168 decrescente
444 3109 680 3163 uniueisum.
715 3114 876 3192 decrescente
892 3109 918 3161 lt'
936 3115 1011 3177 (sup.
1029 3112 1075 3169 ne)
1091 3106 1144 3189 ‚m
1278 3110 1306 3168 β.

139 3195 171 3241 ut
206 3187 272 3237 rimo
289 3189 357 3244 (om.
376 3182 418 3239 in)
436 3179 487 3229 Rl.
504 3205 528 3215 -
543 3186 712 3231 numerentur
729 3184 797 3241 (om.
814 3180 918 3237 ordene)
931 3178 1002 3229 Bes.
1039 3176 1308 3228 erdsnenuneerentur

140 3204 225 3307 R?-
241 3252 287 3321 qui
303 3256 340 3301 est
358 3244 566 3299 ursanum.
602 3254 735 3315 quaeest
756 3245 938 3309 urceum,
957 3246 1029 3296 cl.e.
1042 3244 1164 3309 imm.
1183 3270 1216 3281 -
1236 3245 1307 3324 neres

138 3322 228 3375 oieinn
247 3322 326 3371 lunae
343 3316 469 3383 liquidior
485 3312 557 3365 Bsu.
579 3341 607 3351 -·
646 3314 742 3366 unieris
758 3318 834 3382 (sup.
851 3313 916 3366 edd.
934 3318 1021 3373 sent)
1038 3310 1089 3363 lte.
1108 3338 1142 3348 -
1158 3310 1305 3362 aethereum

139 3386 266 3443 Bruto.
299 3384 457 3438 aetheream
473 3380 608 3434 Raude?
635 3396 681 3434 ns.
697 3408 724 3421 -
738 3380 862 3451 diximus]
882 3380 937 3447 ld.
955 3407 990 3423 -
1005 3380 1035 3433 iss
1051 3394 1145 3431 unum
1158 3379 1236 3445 (sup.
1249 3394 1305 3429 sne·

172 3550 199 3601 d.
238 3546 376 3613 ipsumque
410 3541 503 3594 lenem
535 3541 607 3595 uites
640 3556 695 3593 esse
744 3538 852 3593 hantis
868 3536 1046 3593 adnotatione
1063 3533 1099 3585 ed
1114 3531 1304 3610 Stetii‘l'lrels.

138 3615 280 3681 secuteque
311 3607 464 3689 confinium]
486 3608 571 3689 ‘Hinc
602 3607 695 3661 lusum
745 3608 790 3672 ll,
814 3612 873 3686 6832
911 3602 1063 3670 Plsileseplsi
1084 3600 1176 3651 lunum
1198 3614 1254 3649 esse
1275 3614 1307 3648 sss

139 3676 611 3809 iddildiieotulidd'‘dimidii-¹¹[iedgdbld
622 3675 697 3794 Ἣ-
745 3676 939 3791 “asdodii-dds
955 3732 1023 3800 eines]
1039 3730 1183 3799 „Recepto
1199 3728 1305 3811 opinio,

140 3819 206 3871 eesri
229 3814 410 3879 confiniens
431 3811 555 3873 mortis,
591 3816 616 3863 et
637 3810 696 3860 col·
746 3807 841 3859 lunum
859 3821 914 3859 uon
937 3804 1029 3855 minue
1047 3815 1082 3850 ae
1099 3805 1202 3849 terrum
1222 3797 1306 3847 hebr·

139 3894 200 3939 cute
226 3881 399 3947 Proserpinae
424 3877 514 3929 limine
533 3892 583 3945 per
608 3878 697 3927 omnia
747 3874 801 3927 tnri
821 3889 853 3926 ec
871 3871 937 3950 coli..
971 3867 1050 3921 Arati
1066 3866 1218 3929 interpres:
1236 3856 1307 3915 εἶναι

139 3960 230 4005 sectus
245 3951 372 4001 elementa
387 3946 510 3995 remeunt.
548 3944 630 3996 Nocte
643 3959 698 3994 me·
748 3937 778 3993 dl
798 3934 840 3991 ἐπ’
866 3932 953 4005 uisne
980 3926 1196 4013 olnnoevaedttns
1219 3944 1305 3979 ποτα-

140 4021 189 4073 die
205 4018 262 4070 uidi
283 4016 362 4067 solem
386 4010 500 4063 candido
522 4016 698 4061 eoruscantem
747 4002 817 4071 peric
832 4022 861 4057 sa
877 4003 925 4057 sui
941 3996 1059 4083 dee-tsi
1072 4017 1131 4067 γης.
1163 3994 1305 4077 llrdendus

140 4088 253 4141 lumine:
277 4084 339 4135 deos
356 4081 497 4143 insereret
516 4078 700 4141 deoseuperes
748 4074 908 4125 Politianne
934 4073 971 4125 ed
997 4068 1071 4120 illud
1099 4074 1203 4145 tregam
1229 4060 1305 4144 [Seu.

141 4154 240 4209 necem
254 4166 341 4203 eornm
356 4154 381 4198 et
398 4144 510 4196 adoraui
526 4146 558 4196 de
565 4144 698 4260 proximo.
748 4142 834 4259 plere.
858 4140 929 4221 Tor:
948 4156 980 4257 p.
991 4132 1207 4256 ,ezdrasffldssn
1233 4131 1306 4183 elsae

139 4212 699 4343 llln‘lrltl⁰tl?lnta¹{.iifl?
760 4207 992 4327 ‘demittite'
1004 4238 1113 4323 ..ι’...
1141 4233 1305 4331 edema]

140 4359 190 4417 ul,
208 4360 274 4407 tem.
291 4348 368 4400 lllll.
387 4347 467 4397 llntt.
749 4341 830 4395 conl.
847 4342 929 4409 Apul.
950 4339 1064 4391 Metam.
1083 4333 1139 4398 nl,
1162 4336 1186 4384 1.
1214 4336 1307 4413 Certus

175 4428 201 4474 7.
235 4408 698 4479 menotensmen1Pons.eont.
749 4412 830 4463 etiess
862 4414 1017 4463 manetem
1051 4405 1130 4457 deese
1161 4414 1307 4468 praecipua

142 4506 168 4545 e.
185 4492 234 4552 19,
257 4486 271 4553 ᾗ
290 4489 331 4537 10.
365 4481 445 4537 ldem
462 4480 553 4537 letere
571 4484 653 4549 putet
669 4478 699 4531 in
749 4477 1006 4548 netenesspcttere,
1080 4473 1141 4541 ipen
1155 4468 1234 4523 etiess
1248 4479 1307 4518 eer-
