2942 4859
214 140 256 209 'le
695 136 905 205 Maenoba

214 309 338 397 inpletis
357 308 493 374 numeris
509 326 621 393 corpus
640 306 766 373 fatiscit:
786 328 844 373 nec
862 305 964 371 anima
985 304 1114 371 lassatur
1133 306 1308 385 animando,
1328 309 1380 375 sed

215 396 350 462 officium
370 414 460 459 suum
482 392 595 459 deserit
616 414 739 478 corpus,
758 413 828 458 enm
848 391 909 457 iam
927 412 991 456 non
1009 392 1107 477 possit
1126 394 1265 459 ammari.
1302 394 1381 461 Hanc

216 481 292 547 illud
316 486 363 545 cst
389 478 556 543 doctissimi
578 478 671 544 vatis:
1308 486 1312 491 '

298 600 340 613 -
361 565 495 651 Ecplcbo
514 586 686 637 numerum,
715 564 883 649 reddarque
903 563 1036 627 tenebras.

166 649 298 717 13Haec
320 659 367 715 est
388 650 481 733 igitur
509 648 656 713 naturalis
678 669 750 712 vere
776 668 872 725 mers,
910 668 981 712 curn
1009 648 1102 712 lmem
1132 649 1271 734 corporis
1297 650 1379 717 solus

216 756 415 803 numerorum
438 754 564 798 suorum
584 732 721 798 delectus
743 732 901 818 adportat,
921 754 984 797 non
1007 752 1077 797 cum
1094 740 1299 819 extorquetur
1321 737 1380 802 vila

214 821 336 904 corpori
361 820 461 885 adbuc
487 819 598 883 idoneo
625 817 662 883 ad
689 818 952 883 continuationem
979 816 1105 883 serendi.
1149 821 1215 885 Nec
1238 820 1313 886 levis
1334 829 1380 887 est

166 905 386 972 lldiffercnsia
416 904 509 969 vitam
542 904 588 970 vel
615 912 724 969 natura
752 904 800 969 sel
827 910 937 988 sponte
958 902 1106 968 solvendi.
1154 905 1267 971 Anbna
1289 907 1380 985 enim,

214 1012 283 1057 cuns
306 1012 324 1057 a
345 1010 472 1076 corpore
495 989 661 1066 deseritur,
700 996 802 1074 potest
824 988 856 1053 in
879 1009 912 1052 se
935 987 1011 1053 nibil
1036 992 1169 1055 retinere
1188 1012 1380 1077 corporeum,

213 1078 239 1143 si
259 1098 292 1142 se
313 1097 405 1164 pure,
440 1097 510 1142 cum
534 1075 565 1139 in
586 1072 643 1139 bac
669 1074 731 1141 vita·
752 1081 848 1152 esset,
880 1072 1037 1141 instituitt.
1070 1095 1141 1139 cum
1164 1097 1238 1142 vere
1257 1077 1322 1162 ipsa
1342 1078 1379 1145 de

161 1172 345 1247 [eucarpore
366 1160 516 1227 sicienter
537 1159 720 1237 extruditur,
744 1160 816 1244 quia
833 1156 901 1223 erit
920 1166 1013 1243 rupto
1031 1158 1163 1236 vinculo,
1186 1182 1248 1226 non
1270 1164 1379 1243 soluto,

214 1248 248 1313 fit
272 1247 300 1311 ei
324 1247 387 1331 ipsa
412 1244 575 1311 necessitas
598 1246 716 1309 occasio
738 1242 904 1330 passienis,
938 1252 971 1307 et
989 1243 1092 1321 malis,
1127 1246 1283 1312 vinculum
1306 1248 1377 1315 dum

163 1332 338 1419 l5rumpit,
361 1326 505 1397 inlicitur.
547 1330 634 1395 Hanc
653 1350 779 1415 quoque
799 1328 1009 1414 superioribus
1030 1328 1122 1394 adicit
1143 1332 1293 1397 rationem
1318 1356 1378 1400 aon

212 1426 322 1501 sponte
348 1416 506 1502 pereundi.
560 1414 638 1481 Cum
662 1423 796 1493 constet,
822 1413 938 1500 inquit,
967 1416 1246 1483 remunerationem
1268 1419 1378 1485 animis

211 1501 273 1567 illic
291 1522 359 1567 esse
381 1500 572 1567 tribuendam
595 1521 652 1586 pro
673 1500 766 1565 modo
786 1499 981 1585 perfectionis
1006 1500 1158 1585 adquam
1186 1503 1218 1567 in
1239 1503 1296 1569 bac
1318 1506 1378 1571 vita

211 1607 414 1673 unaquaeque
435 1585 588 1672 pervenit:
611 1608 672 1651 non
694 1593 743 1651 est
763 1584 1008 1671 praecipitandus
1029 1584 1109 1651 vitae
1131 1586 1216 1663 linis,
1237 1610 1307 1653 cum
1324 1590 1377 1656 ad·

162 1670 271 1743 lehun
294 1672 471 1759 proficiendi
490 1692 557 1736 esse
578 1671 675 1755 possit
694 1670 836 1735 accessio.
884 1671 949 1737 Nec
969 1670 1080 1735 lrustra
1100 1670 1160 1737 boc
1178 1673 1293 1740 dietum
1315 1684 1376 1741 est:

152 1784 160 1793 ·
211 1778 281 1823 num
304 1758 336 1822 in
358 1757 497 1822 archanis
519 1757 558 1821 de
583 1756 703 1821 animae
730 1757 835 1822 reditu
856 1754 1115 1841 disputationibus
1140 1757 1238 1823 lertur
1263 1760 1296 1824 in
1319 1759 1377 1825 bae

209 1842 273 1908 vita
304 1841 519 1926 delinquentes
545 1841 660 1906 similes
687 1862 755 1905 esse
783 1862 877 1925 super
900 1840 1029 1925 aequale
1055 1842 1156 1907 solum
1188 1844 1376 1923 cadentibus,

210 1926 323 2011 quibus
345 1926 447 1991 denuo
473 1926 539 1990 sine
565 1924 743 1990 difficultate
771 1935 893 2011 praesto
918 1926 959 1990 sit
981 1946 1125 2010 surgere;
1160 1929 1276 1995 animas
1302 1952 1376 1997 rere

210 2032 248 2077 ex
275 2010 420 2076 haesita
446 2031 516 2075 cum
551 2009 733 2075 delictorum
757 2010 900 2076 sordibus
926 2010 1104 2077 recedentes
1130 2015 1303 2099 aequandas
1328 2015 1377 2082 bis

210 2096 316 2181 quiin
336 2096 502 2180 abruptum
522 2116 561 2161 ex
580 2095 642 2160 alto
671 2095 892 2181 praecipitique
912 2095 1033 2181 delapsi
1061 2097 1139 2175 sint,
1176 2100 1260 2165 unde
1286 2122 1376 2167 aum·

209 2202 302 2267 quam
323 2179 449 2245 facultas
471 2179 505 2245 lit
527 2180 716 2265 resurgendi.
757 2181 833 2246 ldeo
854 2202 928 2265 ergo
953 2181 1103 2249 amodum
1123 2185 1275 2251 concessis
1296 2187 1377 2253 ritae

160 2266 324 2352 l'lspatiis,
344 2274 381 2331 ut
397 2265 437 2331 sit
455 2264 606 2350 perfectae
625 2266 816 2351 purgationis
836 2266 934 2331 maior
953 2264 1090 2333 facultas.
1133 2270 1226 2353 Ergo,
1244 2270 1374 2358 inquies,

209 2352 263 2438 qui
285 2352 345 2417 iam
372 2350 504 2451 perfecte
533 2359 680 2436 purgatus
706 2360 755 2417 est
781 2372 906 2417 manum
933 2352 992 2418 sibi
1021 2352 1113 2419 debet
1139 2354 1267 2433 inlerre,
1305 2379 1376 2425 cum

207 2460 270 2509 non
292 2438 332 2503 sit
352 2458 381 2502 es
403 2456 494 2502 causa
515 2437 709 2514 remanendi,
752 2437 804 2503 uia
824 2436 994 2523 proiectum
1015 2438 1145 2505 ulterius
1164 2462 1227 2506 uon
1246 2463 1262 2507 r
1301 2443 1376 2508 uirit

206 2523 261 2609 qui
280 2523 319 2587 ad
339 2543 376 2589 su
399 2542 450 2586 ern
471 2520 618 2606 pervenit.
662 2522 722 2589 Sed
766 2544 803 2587 cc
830 2524 912 2608 ipso,
950 2544 1013 2609 quo
1041 2523 1099 2589 sibi
1126 2526 1258 2591 celerem
1303 2548 1374 2593 nem

206 2629 261 2694 spe
281 2544 427 2673 lruendbe
449 2606 602 2673 beatitatis
624 2608 766 2686 accersit,
802 2607 946 2673 inretitus
971 2608 1081 2695 laqueo
1105 2611 1271 2695 passionis,
1301 2614 1375 2699 quia

206 2713 277 2779 spes
298 2693 377 2757 sicul
396 2692 490 2757 timor
510 2690 611 2777 passio
633 2701 694 2759 cst:
733 2694 787 2759 sed
811 2701 844 2758 et
869 2705 987 2768 cetera,
1021 2714 1101 2843 quae
1128 2697 1270 2782 superior
1294 2700 1375 2765 ratic

158 2774 366 2855 lddisseruit‚
391 2776 529 2843 incurrit.
577 2778 620 2843 Et
640 2776 765 2843 honest
788 2777 871 2864 quod
891 2778 1007 2843 Paulus
1052 2779 1125 2846 lium
1146 2801 1201 2866 spe
1222 2783 1303 2849 sitae
1324 2805 1377 2851 re·

206 2864 296 2929 ricrls
318 2864 355 2928 ad
377 2884 410 2927 se
433 2862 536 2928 venire
560 2872 776 2949 properantem
802 2862 944 2948 probibet
966 2885 1001 2928 ac
1019 2866 1155 2949 repellit,
1189 2888 1229 2931 ne
1250 2868 1375 2936 lestine-

206 2957 272 3016 tum
297 2948 498 3015 absolutionis
523 2949 773 3036 ascensionisque
800 2948 986 3015 desiderium
1012 2950 1109 3035 magis
1136 2973 1208 3018 eum
1229 2951 1288 3020 bac
1308 2954 1376 3042 ipsa

273 3154 342 3206 bles.
365 3152 607 3217 Fsrnraensm

206 3242 245 3290 lb.
281 3246 310 3289 et
331 3247 458 3321 perpetua
481 3238 556 3290 rua.
595 3256 632 3290 ac
646 3246 775 3307 perpetua
796 3238 824 3291 S.
847 3268 882 3279 -
904 3260 961 3294 essm
985 3244 1040 3294 s'asn
1055 3244 1164 3297 aalma
1179 3262 1231 3297 aaa
1250 3244 1318 3299 Bra.
1340 3276 1374 3287 -

204 3306 332 3373 Erplcla]
353 3306 428 3373 l'srg.
448 3306 513 3357 den.
532 3306 580 3367 l'l,
599 3309 660 3357 blo·
817 3311 856 3359 1³.
891 3326 959 3361 sera
975 3313 1109 3363 actasralis
1126 3330 1196 3364 mors
1214 3312 1284 3365 Bes.
1319 3332 1374 3366 aa·

202 3374 300 3427 taralis
314 3390 383 3425 mars
399 3374 471 3436 (del.
490 3380 563 3433 sere)
584 3373 635 3423 111.
659 3400 694 3411 -
717 3381 862 3443 extorquet
879 3376 930 3427 lll.
951 3406 985 3417 -
1002 3381 1154 3444 serendam
1175 3382 1224 3432 Rl.
1245 3408 1278 3421 -
1301 3384 1375 3436 sclcs'

202 3440 254 3493 Rl.
420 3444 457 3493 ll.
498 3442 596 3492 Anima
618 3448 724 3492 aulem
746 3441 797 3492 Bb.
823 3470 856 3481 -·
883 3462 912 3495 ec
946 3462 989 3497 ore
1015 3446 1083 3511 (om.
1107 3449 1138 3508 a)
1160 3448 1215 3500 ria.
1249 3476 1276 3487 -
1304 3452 1376 3503 aisi

201 3509 278 3575 (sup.
296 3508 349 3569 all)
366 3510 479 3561 relinere
493 3524 644 3577 easpcreuas
662 3507 712 3559 ΒΞ.
748 3509 860 3562 relinere
875 3513 943 3564 allel
959 3530 1110 3581 corporeum
1128 3514 1159 3565 ll.
1193 3516 1263 3567 nillil
1279 3534 1376 3587 carps-

201 3594 273 3629 reum
290 3578 401 3627 reticere
418 3578 470 3628 Rl.
489 3605 523 3616 -
540 3577 669 3629 violentes·
686 3577 718 3627 sle
736 3594 841 3643 carpere
857 3580 932 3649 νῆας.
954 3608 979 3618 -
997 3582 1077 3633 malis
1091 3582 1212 3635 vinculis
1230 3584 1375 3638 caenas.

202 3644 247 3695 lla
268 3644 392 3713 „Angl.“
545 3647 586 3696 15.
626 3644 737 3696 adiecit
762 3644 907 3700 RQBsst.
933 3674 960 3686 -
984 3656 1098 3702 coastat
1120 3650 1190 3701 Βιι.
1215 3677 1248 3691 ·-
1275 3655 1376 3706 aaiass‘s

201 3728 256 3765 csse
274 3712 343 3778 (om.
366 3712 435 3779 illic)
454 3711 506 3763 ltl.
661 3716 700 3762 16.
734 3722 840 3779 praesta
857 3716 892 3767 sit
911 3732 1022 3797 surgere
1039 3718 1095 3769 sias
1112 3720 1274 3786 difficultate
1290 3719 1320 3771 F.
1339 3750 1375 3759 -

200 3796 284 3832 resur
306 3796 347 3833 esc
369 3780 422 3832 Hs.
445 3808 470 3818 -
496 3780 655 3845 inruptum
679 3778 749 3831 Bra.
773 3808 805 3819 -
829 3782 934 3850 delapsi
949 3794 1001 3835 scal
1025 3783 1144 3836 Flesse.
1179 3788 1284 3854 delapsi
1300 3797 1374 3842 suat

202 3846 291 3899 Edds
318 3884 325 3899 .
361 3848 471 3915 ds‘lapss'
487 3854 556 3899 suat
576 3846 645 3897 llas.
664 3876 698 3887 -
709 3848 834 3912 facultas
849 3868 992 3919 numquam
1011 3850 1176 3905 ereren.
1194 3881 1229 3892 -
1245 3856 1304 3907 s'dec
1321 3864 1375 3910 est

200 3920 269 3975 (cm.
289 3920 368 3985 erga]
389 3914 422 3966 G.
444 3943 478 3954 —
502 3915 628 3967 concessis
645 3916 771 3966 utendum
793 3916 895 3969 Eddl'.
1046 3924 1088 3970 Π.
1127 3922 1203 3990 Erga
1220 3928 1255 3974 tc
1272 3924 1373 3990 inquis

200 3982 253 4032 112.
276 4010 311 4023 -
331 3991 466 4051 purgatus
486 3990 524 4033 est
547 3988 615 4043 (cm.
632 3986 761 4051 perfecte)
785 3984 835 4035 Rl.
873 3988 1014 4053 perfectae
1029 3996 1165 4057 purgatus
1182 3998 1222 4041 est
1243 4006 1269 4040 r.
1304 4008 1374 4059 par·

194 4052 287 4113 seclae
302 4050 498 4119 purgationis
516 4049 558 4102 sit
576 4048 607 4101 F.
626 4078 659 4088 -
682 4052 746 4117 quia
762 4055 921 4119 perfeetum
940 4052 979 4103 rs
997 4060 1032 4122 (g
1048 4053 1075 4105 ia
1095 4062 1176 4118 mm.
1192 4084 1229 4097 -·
1246 4075 1374 4126 superna

202 4114 335 4183 Bessa-g.
352 4146 385 4157 —
401 4118 599 4171 beatitudinis
618 4116 688 4168 Bas.
707 4144 740 4155 -
755 4122 864 4173 asrmsil
878 4120 971 4173 sess.
1006 4126 1139 4176 arcessit
1153 4124 1372 4180 blaecca-'Pa

199 4182 259 4235 l'ld.
275 4184 288 4249 l
305 4190 331 4236 l.
353 4210 386 4222 -
412 4186 476 4253 qula
502 4186 569 4239 sicul
590 4186 668 4238 timor
689 4184 749 4253 spes
771 4186 842 4241 Bas.
862 4214 895 4229 -
919 4190 991 4243 satio
1012 4190 1132 4245 inseruit
1154 4208 1180 4243 r.

233 4370 273 4417 16.
308 4370 756 4440 serlusinbacvitadcllaquea·
807 4376 953 4441 timetur,
991 4376 1080 4441 etll,
1104 4380 1148 4441 ld,
1178 4384 1219 4433 12.
1242 4390 1267 4435 at
1290 4383 1372 4438 llaec

197 4441 237 4487 les
252 4436 350 4486 similes
368 4436 431 4503 esse]
452 4438 529 4487 cccl.
551 4440 587 4501 ll,
604 4444 630 4503 ὅ,
651 4444 691 4491 15.
708 4456 756 4490 saca
808 4442 982 4495 dicendum
1001 4454 1047 4498 est
1064 4448 1097 4497 ab
1115 4450 1169 4500 uls'c
1187 4453 1293 4507 maceri.

197 4503 371 4573 excogitatas
389 4522 406 4555 a
423 4506 497 4556 aclis
515 4507 608 4557 lineas
686 4522 756 4557 acs-
