2942 4859
165 111 223 181 DE
245 110 352 180 nun.
372 111 429 180 ΕΤ
450 109 540 182 soa
561 105 720 180 casnm
740 110 924 195 nunsula.
945 112 1081 182 VERBI,
1123 115 1177 184 ΠΙ.
1218 117 1283 186 tib

117 281 228 364 Mi,
261 277 366 360 ἀλίξω
393 277 471 360 idm.
513 281 606 370 Apud
626 284 768 364 Latinas,
795 300 941 371 *quorum
962 284 1084 354 nullam
1101 284 1230 353 verbum
1253 287 1314 364 in4

115 367 238 436 finalem
270 367 417 455 syllabam
448 367 583 434 admittit
612 378 786 449 accentum,
826 379 948 437 amsani
981 371 1173 438 differentiae
1208 393 1285 457 quas

115 454 197 541 apud
218 453 353 521 Graccus
377 453 591 520 circumflexus
612 455 749 540 gravisve
770 453 921 533 lecerunt,
941 477 1075 543 quorum
1096 457 1228 524 alterum
1251 459 1288 524 in

114 540 217 606 verbis
242 540 369 605 ultimae
392 540 522 606 alterum
542 540 753 640 paenultimaa
775 539 934 622 Gmccmm
954 541 1089 610 diximus
1109 544 1294 632 deputasse,

114 626 224 691 Restat
245 625 340 710 igitur
362 624 393 688 in
415 624 462 689 bis
481 626 640 690 Latinitati
662 631 743 691 unus
763 634 920 705 accentus,
959 647 1082 711 gravam
1104 629 1190 708 dico,
1272 631 1313 705 ia
1362 629 1366 636 '

114 712 200 776 salus
223 713 362 776 Romana
391 711 482 776 verba
511 711 638 777 sortitus
666 720 727 778 cst:
766 711 820 776 sed
849 710 908 776 boc
936 715 1094 798 proprium
1120 716 1152 781 in
1182 735 1236 781 rar
1257 717 1285 782 is

114 796 233 862 Latinis
255 796 363 874 babet,
395 795 478 883 quod
500 817 564 862 uon
591 817 730 884 semper,
762 807 799 863 ut
819 796 901 883 apud
921 795 1071 876 Graecae,
1102 801 1155 865 ubi
1182 802 1285 881 luerit,

115 881 148 947 in
174 882 395 969 paenultimam
411 882 573 968 ¹syllabam
597 883 692 964 cadit,
733 883 899 968 sedsaepe
920 890 953 948 at
974 903 992 948 a
1013 884 1075 948 line
1095 886 1218 952 tertiam
1239 895 1286 953 ta·

115 973 184 1046 nat,
219 975 256 1033 ut
281 989 390 1068 uppem
408 970 522 1055 ,resera
565 967 657 1047 Quod
679 969 761 1056 apud
784 968 919 1035 Graecas
939 990 1002 1035 non
1030 977 1134 1055 potest
1152 973 1314 1051 eueniret

115 1053 197 1140 apud
218 1073 296 1140 quas
318 1075 349 1118 in
370 1052 526 1118 communi
541 1053 656 1140 lingua
678 1054 745 1120 lieri
773 1075 835 1120 ncn
858 1061 975 1141 potest,
1007 1064 1057 1134 ut,
1087 1075 1158 1121 cum
1186 1057 1287 1122 linalis

116 1139 232 1226 syllaba
254 1138 345 1224 longa
366 1145 422 1217 cst,
446 1138 555 1204 tertius
578 1159 595 1204 a
618 1141 680 1206 linc
697 1140 852 1220 habeatur
868 1149 1025 1206 accentus:
1051 1143 1087 1204 Ω
1109 1149 1213 1206 autem
1233 1163 1287 1207 aa·

115 1224 258 1290 turaliter
282 1225 373 1310 longa
395 1231 454 1290 est:
482 1245 556 1310 erga
577 1246 746 1312 numquam
767 1233 911 1292 accentus
933 1226 965 1290 in
987 1225 1166 1294 huiusmodi
1186 1228 1288 1294 verbis

117 1309 289 1395 apudillos
316 1311 497 1375 intertium
521 1311 648 1395 gradum
674 1312 859 1399 syllabarum
887 1310 1012 1378 recedit
1053 1311 1180 1398 Singula
1208 1319 1315 1385 tem-'t
1410 1387 1414 1396 Ι

116 1395 404 1496 pcrauGraeccrum
428 1396 596 1462 verberum
616 1418 679 1462 uon
702 1397 898 1495 simpliciter,
935 1397 1015 1464 sicut
1033 1398 1184 1496 Latinitas
1201 1419 1288 1498 ccm-

117 1481 242 1633 cartu
250 1481 726 1654 tantumtantum
737 1482 1288 1662 ittartttnruttuttu
1335 1561 1339 1570 -

116 1652 255 1720 ciusdem
278 1654 426 1738 temporis
449 1652 622 1730 declinatio,
642 1653 727 1740 qupd
749 1652 885 1720 medium
907 1652 1076 1738 perlectum
1097 1663 1218 1731 vocant,
1237 1652 1287 1719 nl-

115 1757 219 1804 aman:
246 1737 320 1804 item
344 1737 716 1824 plusquamperfectum
740 1732 921 1824 taerdpesa,
945 1737 1080 1804 medium
1102 1739 1172 1824 plus
1193 1757 1288 1825 quarn

116 1822 286 1973 perlectum
310 1819 484 1890 sesemen·
527 1819 683 1909 ἀορίστου
705 1821 823 1904 truta,
846 1818 955 1907 ’μέσου
976 1819 1133 1910 ἀορίστου
1154 1821 1289 1892 trunca·

129 1916 256 1974 utrarum
276 1908 411 1996 primum
433 1909 505 1976 lacit
523 1903 627 1990 adua,
647 1909 787 1978 laturum
806 1908 977 1977 secundum
995 1910 1096 1976 uuna.
1138 1907 1288 1980 Similiter

115 1991 150 2060 in
170 1993 469 2080 passivo-variantur
490 2004 639 2086 tempora.
833 2002 836 2006 ’

1112 2149 1179 2215 [Ed.
1198 2167 1220 2204 s.

116 2248 187 2286 raam
205 2247 259 2286 essa
274 2233 413 2288 autumant
426 2233 641 2302 praecedentibus
659 2227 694 2301 Ξ,
718 2231 756 2300 Ψ,
772 2225 867 2298 allieas,
885 2225 954 2300 ἕψω.
998 2235 1024 2288 4.
1059 2238 1113 2297 (6.)
1133 2238 1213 2306 Apud
1234 2237 1288 2289 ba-

116 2299 186 2354 tinaa
205 2319 311 2369 quarum
329 2303 431 2354 nullam
450 2303 556 2354 uerbum
572 2303 600 2352 in
609 2303 722 2366 finalem
741 2301 871 2366 syllabam
889 2301 1006 2356 admittit
1024 2312 1169 2368 accentum,
1187 2311 1292 2357 curant

117 2369 146 2420 di
169 2371 299 2435 erentiae,
330 2387 396 2438 quas
414 2369 487 2436 apud
509 2369 623 2420 Graecas
642 2368 824 2432 circumflexus
846 2369 991 2435 granisque
1007 2372 1145 2434 facerunt,
1180 2387 1290 2436 quaram

117 2454 135 2490 a
148 2447 230 2492 teram
246 2439 274 2490 in
292 2439 376 2488 uerbis
394 2437 518 2498 ultimae,
537 2437 648 2487 alterum
664 2435 829 2502 penultimae
850 2435 989 2485 Graeciam
1006 2435 1123 2489 dicimus
1140 2437 1291 2504 deputasse.

117 2507 143 2556 ts.
182 2505 276 2556 llestat
291 2505 378 2572 igitar
398 2503 542 2554 latinitati
558 2503 586 2553 in
603 2501 644 2552 luis
663 2518 732 2552 anus
749 2507 884 2563 accentus,
952 2518 1028 2552 auem
1047 2503 1119 2568 dica,
1153 2505 1199 2571 qui
1219 2507 1291 2558 acius

119 2574 243 2626 Romana
259 2573 338 2622 uerba
353 2572 460 2624 sortitus
479 2578 531 2632 ectr
554 2571 599 2621 scd
617 2569 664 2619 laac
679 2568 815 2635 proprium
831 2567 860 2617 in
877 2584 923 2618 aer
939 2569 961 2619 is
983 2569 1087 2621 Luticia
1105 2571 1197 2636 labet,
1221 2573 1292 2639 quad

117 2658 171 2696 aaa
189 2655 297 2707 semper,
315 2648 345 2692 at
361 2639 435 2706 apud
456 2637 578 2717 Graecas,
597 2635 642 2686 ubi
653 2636 749 2699 faerit,
763 2635 791 2685 in
807 2635 982 2702 penultimam
996 2635 1127 2704 syllabam
1145 2639 1226 2702 cadit,
1245 2641 1292 2692 sesi

119 2703 1036 2849 'atti’tt‘ttt'ttttfftttt‘n3²:tttt‘tultt'gu
1047 2708 1292 2842 imbibisti

119 2851 164 2910 at,
186 2861 245 2895 cum
255 2844 352 2907 finalis
370 2841 474 2908 syllaba
491 2841 576 2910 langa
593 2846 644 2904 est,
667 2840 761 2892 tertias
779 2856 796 2890 a
805 2839 866 2903 fine
882 2839 1012 2891 habeatur
1028 2848 1156 2892 accentus.
1194 2841 1222 2892 ib
1238 2860 1290 2894 aa·

120 2920 172 2965 tam
189 2911 350 2964 naturaliter
367 2911 486 2979 longum
507 2913 550 2968 ¹²)
569 2915 616 2969 est,
634 2921 699 2976 erga
714 2923 857 2974 nssmpaam
876 2913 998 2958 accentus
1016 2908 1043 2957 in
1061 2907 1212 2960 baiasmadi
1230 2927 1291 2961 aer-

120 2981 160 3034 bis
181 2979 253 3049 apud
277 2979 339 3030 illas
359 2979 511 3030 intertium
531 2977 649 3058 padum
667 2976 830 3041 syllabarum
848 2975 971 3026 recedit·
992 2975 1057 3026 Sed
1080 2975 1120 3026 ad
1141 2980 1291 3045 prapasi-

120 3057 186 3102 tam
207 3053 418 3100 reuertamur.
458 3044 600 3096 Omnium
624 3041 735 3111 igitur
756 3042 926 3093 cerberum
952 3042 1039 3109 apud
1065 3042 1206 3096 Latinas
1230 3063 1291 3097 am·

119 3116 198 3170 nina
218 3113 477 3182 coniugationes
494 3119 566 3162 sunt
585 3117 651 3162 tres
670 3112 728 3174 ¹⁸),
761 3110 797 3162 ia
814 3108 949 3176 quibus,
983 3127 1053 3161 casa
1071 3112 1199 3163 nattam
1218 3129 1291 3165 acr-

120 3186 193 3238 bum
211 3185 242 3235 in
255 3183 347 3246 fine,
363 3187 397 3232 ut
413 3180 575 3243 dirimas,
592 3177 710 3229 babeat
727 3183 909 3240 accentum,
936 3177 1165 3243 differentiae
1182 3183 1292 3234 tamea

120 3249 399 3320 caniaagaticnam
421 3265 482 3299 nan
501 3245 671 3316 inprime,
706 3245 818 3298 sedin
839 3246 981 3297 secanda
997 3261 1140 3313 persana
1161 3249 1292 3302 Graeca

144 3319 313 3370 aacrimus
338 3315 503 3396 exempla,
538 3312 624 3382 quad
647 3313 733 3381 apud
753 3310 840 3365 ilias
863 3314 896 3364 in
922 3315 1004 3366 salis
1029 3315 1291 3382 circumstantii-

121 3338 180 3442 ἀοι
199 3389 244 3448 ¹⁴)
267 3385 438 3436 adseruare
458 3382 548 3434 salet.
588 3380 694 3432 Prima
716 3393 797 3450 erga
817 3379 1017 3435 Latinarum
1042 3385 1239 3452 coniugalia
1257 3387 1293 3437 in

121 3451 266 3518 secanda
282 3467 426 3522 persana
441 3449 570 3519 primae
589 3447 773 3516 panitiariis
790 3449 889 3502 uerba
912 3445 1023 3502 laetias
1044 3457 1079 3503 at
1095 3460 1213 3503 neutra
1235 3453 1292 3504 lta-

121 3525 181 3578 tet.
217 3523 242 3574 A
331 3519 359 3579 ιί)
383 3518 483 3589 graui
504 3523 640 3568 accentu
665 3523 755 3568 sant.
805 3521 831 3567 7.
867 3521 921 3580 (t.)
944 3517 1062 3584 Singula
1084 3526 1202 3584 tempora
1228 3517 1293 3586 [om.

125 3591 284 3644 Graecarum
301 3587 447 3654 ambarum]
466 3603 519 3636 nan
535 3583 688 3647 simpliciter
706 3583 771 3650 [usn.
794 3585 860 3636 sicud
937 3584 1032 3650 utitur]
1049 3588 1235 3650 proferantur,
1258 3595 1294 3652 et,

121 3667 153 3712 at
171 3656 282 3722 exempli
299 3671 380 3706 caasa
397 3655 476 3707 unias
494 3653 567 3704 uerbi
584 3651 726 3702 declinatio
744 3657 862 3717 natatur,
893 3644 987 3702 adara
1001 3653 1147 3719 perfeetum
1162 3654 1235 3717 facit
1252 3650 1295 3705 ad-

122 3741 210 3792 τνφα,
228 3730 253 3774 ct
268 3724 386 3790 sequitur
401 3723 487 3772 altera
505 3719 619 3772 eiusdem
635 3718 759 3787 temporis
779 3719 824 3778 ¹⁵)
843 3717 995 3777 declinatio,
1012 3719 1083 3785 quad
1100 3719 1214 3770 mediam
1230 3737 1293 3787 pcr-

117 3797 220 3861 fectum
236 3796 344 3852 vacant,
372 3783 484 3840 τέτοπιι.
521 3787 585 3840 ltern
603 3786 888 3856 plusquamperfectum
905 3777 1056 3852 ἒτετιίφειο,
1087 3787 1201 3838 mediam
1236 3789 1294 3839 tas·

67 3855 70 3862 ’
123 3860 348 3930 quamparfcctam
366 3849 516 3917 ἓιετάπειος
538 3847 668 3921 ἀορίστου
687 3849 791 3921 trapa,
811 3848 896 3919 μέσον
913 3845 1045 3920 ἀορίστου
1063 3847 1172 3905 hanam
1232 3865 1294 3908 atu-

121 3926 306 3994 cumprimum
317 3917 399 3989 τάψω
409 3925 488 3988 facit,
499 3925 622 3987 faturum
636 3921 777 3973 secundam
793 3918 881 3972 eund.
918 3921 982 3972 aaa
994 3927 1024 3972 et
1040 3921 1068 3972 ia
1084 3923 1198 3990 passiva
1212 3925 1296 3976 eius·

123 3997 191 4050 dem
213 3991 303 4046 uerbi
323 3991 552 4046 declinatione
574 4003 673 4060 saepe
694 3989 864 4059 contingit
885 3988 1045 4057 repetitis
1065 3990 1174 4042 cariata
1193 3997 1294 4060 tempa-

157 4134 185 4249 t:
218 4121 685 4260 asumutztlltaut
734 4125 768 4255 i,
781 4121 857 4257 iii
873 4122 906 4244 b
920 4126 962 4253 lx,
979 4127 1046 4243 ‘tt‘
1059 4122 1296 4248 tantum

123 4263 314 4320 nuntiauera-
345 4261 452 4331 racepit
484 4261 512 4312 id
548 4260 620 4326 quoa
642 4259 685 4311 'ia
735 4258 850 4327 generis
867 4275 922 4311 aaa
941 4258 1043 4311 desunt
1057 4261 1199 4328 example,
1222 4269 1253 4315 ut
1270 4281 1294 4316 a.

124 4335 187 4386 cad.
199 4333 220 4384 v
234 4349 250 4384 a
262 4331 353 4401 prima
365 4345 446 4382 mauu
457 4335 501 4381 ast
518 4333 685 4391 correctam,
735 4328 790 4393 ⁵‚t
807 4330 843 4391 tn,
862 4327 911 4380 nbi
928 4326 985 4379 rid.
1001 4333 1059 4379 nat.
1094 4329 1155 4379 lica
1172 4331 1235 4382 loca
1255 4331 1296 4392 (si

124 4403 260 4468 tangam,
288 4407 316 4450 et
333 4413 400 4450 sana
417 4397 583 4465 plerumque
601 4393 629 4448 ia
650 4395 687 4448 li·
735 4395 810 4448 tarta
836 4394 939 4456 masis)
965 4401 1081 4464 propter
1102 4399 1297 4452 antecedentia

125 4469 197 4521 teris
222 4469 265 4520 alc
285 4466 427 4522 iuvenitur
450 4482 519 4518 asur
539 4471 614 4516 atam
636 4479 687 4532 ga-
737 4469 831 4532 pateat
847 4463 975 4533 intelligi
992 4465 1079 4536 langa
1097 4465 1217 4535 syllaba.

126 4553 181 4590 aas
197 4540 327 4590 neutram
343 4535 373 4588 ia
390 4533 445 4589 bac
461 4532 519 4589 liba
533 4533 577 4599 la,
607 4538 640 4584 at
661 4547 686 4584 a.
