2942 4859
246 150 383 219 COMM.
403 154 448 223 ΙΝ
470 154 598 226 somn.
619 158 717 227 SClP.
761 163 837 229 un.
858 168 881 231 l.
926 170 1014 237 CAP.
1036 175 1148 244 XllllI.
1239 185 1282 251 99

108 318 317 400 discederent,
355 326 409 389 sed
439 325 471 390 in
499 327 596 394 isdem
626 330 700 397 locis
726 354 861 421 semper,
900 346 937 404 ut
960 342 1053 422 aliae,
1093 348 1280 421 siderentur.

107 407 189 471 Ecce
209 408 291 471 enim
313 409 352 474 de
374 410 477 476 infixis
497 414 651 499 Vergiliae
671 438 762 484 neos
785 422 834 487 sui
860 444 1007 509 umquem
1029 450 1063 493 se
1083 436 1280 521 copulatione

106 492 289 577 dispergunt
309 514 367 559 nec
388 496 525 581 Hyadas,
555 521 635 585 quae
655 503 774 570 sicinae
794 516 881 583 sunt,
908 510 1056 579 deserunt
1076 527 1131 583 aut
1152 521 1281 591 Orionis

106 578 279 663 proximem
301 582 457 669 regionem
476 584 671 670 relinquunt:
696 589 948 675 Septentrionem
966 620 1115 685 compago
1136 612 1280 675 non-sol-

106 663 204 728 vitur:
226 666 355 750 Anguis,
376 668 428 752 qui
452 668 534 734 inter
555 691 608 735 eos
631 672 753 751 labitur,
772 678 866 742 semel
886 680 1104 751 circumfusum
1125 712 1189 759 nou
1211 716 1278 763 mu·

105 756 152 814 tat
170 750 356 835 amplerum.
398 754 465 819 Hae
486 776 560 819 vero
581 757 673 822 modo
692 757 724 823 in
745 760 803 827 bac
822 763 915 829 modo
933 766 966 831 in
984 768 1035 834 illa
1056 774 1131 838 eseli
1152 780 1308 863 regioncd

104 835 261 899 visuntur:
289 845 321 902 et
340 858 447 922 saepe,
468 860 538 904 cum
561 841 593 906 in
616 864 712 909 unum
735 846 838 912 locum
859 849 939 915 dnae
961 852 1103 937 pluresve
1125 882 1329 948 convene-[ee]

105 921 177 997 rint,
200 930 232 987 et
252 942 271 985 a
293 922 360 987 loeo
382 932 486 989 tamen
508 926 539 989 in
558 947 622 1012 quo
644 929 735 995 simul
758 932 842 997 risse
863 945 989 1002 suntet
1009 960 1027 1004 a
1048 962 1082 1006 se
1105 956 1210 1029 postea
1231 972 1278 1017 se·

104 1016 261 1091 parantur.
303 1009 352 1072 Ex
376 1007 434 1074 boe
453 1031 505 1075 eas
528 1032 591 1076 non
611 1034 678 1079 esse
706 1016 792 1080 caelo
821 1018 931 1084 inlisas
955 1025 1054 1090 oeulis
1069 1050 1201 1116 ¹quoque
1225 1058 1278 1122 ap.

104 1091 307 1175 probantibus
329 1102 463 1159 constat:
500 1095 593 1179 igitur
613 1110 792 1179 morentur,
820 1125 877 1169 nec
900 1127 1012 1190 negare
1034 1110 1093 1177 boe
1113 1118 1277 1205 quisquam

103 1177 219 1261 poterit
244 1178 327 1263 quod
352 1179 435 1246 visus
463 1180 613 1248 sdlirmat
668 1184 891 1264 Quaerendum
920 1201 1082 1279 estange,
1110 1210 1217 1269 utrum
1238 1208 1307 1277 abl

103 1270 177 1329 ortu
202 1262 239 1327 ad
268 1284 410 1329 occasum
442 1286 480 1330 an
515 1266 547 1332 in
572 1272 762 1337 eontrarium
789 1284 876 1341 motu
912 1281 1037 1363 proprio
1071 1288 1277 1360 revolventur.

104 1347 166 1413 Sed
194 1356 226 1413 et
254 1348 310 1413 boe
338 1352 558 1435 quaerentibus
587 1355 677 1419 nobis
703 1378 766 1421 non
794 1360 894 1425 solum
923 1364 1169 1438 msnilestissima
1197 1380 1277 1444 ratio

104 1433 159 1497 sed
181 1434 265 1499 visus
287 1456 412 1520 quoque
434 1436 500 1520 ipse
523 1439 714 1505 monstrabit.
760 1442 999 1513 Consideremus
1020 1472 1055 1515 er
1076 1474 1095 1517 ο
1117 1457 1277 1541 signorum

102 1518 257 1596 ordinem,
277 1519 390 1605 quibus
410 1521 569 1587 zodiacum
592 1524 724 1591 divisum
746 1528 793 1590 vel
816 1529 994 1596 distinctum
1018 1475 1167 1619 ridemus,
1187 1554 1220 1609 et
1237 1549 1276 1613 ab

101 1625 168 1669 uno
189 1605 277 1689 signo
299 1605 438 1689 quolibet
458 1606 576 1671 ordinis
597 1608 664 1673 eius
685 1631 843 1678 sumamus
865 1616 1036 1682 exordium
1087 1623 1166 1689 Cum
1186 1632 1307 1700 Ariesd

100 1690 259 1765 exoritur,
298 1696 369 1774 post
395 1689 496 1775 ipsum
525 1692 645 1758 Taurus
673 1696 817 1779 emergit:
860 1697 943 1763 bunc
969 1700 1093 1769 Gemini
1121 1722 1276 1797 secuntur,

100 1774 162 1839 bos
185 1773 318 1851 Cancer,
354 1781 386 1837 et
408 1795 462 1859 per
488 1775 627 1842 ordinem
650 1780 780 1865 reliqua.
827 1782 859 1847 Si
883 1783 958 1849 istae
980 1807 1055 1872 ergo
1080 1792 1112 1856 in
1137 1799 1277 1867 occiden-

100 1868 166 1925 tem
190 1860 229 1924 ab
252 1859 371 1923 oriente
389 1860 600 1944 procederent,
623 1884 684 1927 non
707 1864 747 1929 ab
765 1866 872 1932 Ariete
893 1869 924 1932 in
947 1872 1094 1954 Taurum,
1115 1881 1169 1963 qui
1192 1894 1276 1954 retro

103 1945 222 2009 locatus
244 1951 308 2021 est,
333 1964 428 2009 neca
451 1947 555 2011 Tauro
578 1947 609 2011 in
631 1947 781 2015 Geminos
797 1952 919 2036 signum
940 1960 1094 2040 posterius
1116 1966 1276 2038 volveren-

103 2038 170 2105 tur,
207 2028 260 2093 sed
282 2049 300 2093 n
323 2029 463 2095 Geminis
487 2030 518 2095 in
541 2033 677 2099 Taurum
701 2043 769 2100 eta
792 2038 947 2103 Tauroin
969 2044 1108 2111 Arietem
1134 2062 1217 2121 recta
1243 2068 1276 2126 et

103 2113 277 2181 mundanae
300 2114 500 2181 volubilitatis
521 2138 658 2185 consona
680 2122 855 2188 accessione
877 2126 1045 2210 prodirent
1094 2134 1174 2204 Cum
1201 2148 1306 2212 veroli

899 2279 985 2340 [Edd.
1004 2283 1208 2356 siosbgspslsb.

103 2356 162 2407 dem
180 2354 293 2406 statione
314 2370 449 2419 srecpnnm
473 2352 505 2404 Γ.
557 2355 590 2406 nb
608 2356 699 2407 endem
722 2359 836 2411 statione
857 2378 919 2413 non
941 2364 970 2417 G.
997 2395 1025 2406 -
1050 2373 1097 2422 sed
1114 2376 1143 2425 si
1165 2378 1219 2431 ΗΙ.
1243 2394 1276 2423 ..·

102 2424 207 2474 hisdem
225 2421 337 2471 csrrtu
356 2422 413 2485 illa
430 2436 511 2473 craso
529 2422 571 2485 n).
612 2422 661 2473 sta
679 2424 781 2493 (srsprs
799 2426 906 2493 scripto
926 2433 1000 2497 dem)
1018 2434 1049 2488 F.
1090 2441 1197 2494 eisdem
1214 2463 1275 2513 r-p.

102 2490 204 2543 iisdem
225 2490 344 2541 s-bllsrs.
368 2515 402 2528 ·-
421 2490 560 2558 virgiliae
578 2488 599 2538 (l
618 2490 658 2549 (G
676 2508 737 2558 ssrp.
755 2510 810 2544 scr.
828 2500 865 2553 e).
888 2521 922 2535 -
943 2517 1069 2567 nmquam
1091 2512 1159 2567 (orn.
1179 2518 1220 2573 se)
1243 2515 1275 2569 F.

102 2586 137 2597 -
165 2574 212 2609 nso
235 2559 326 2609 indes
347 2555 377 2605 G.
409 2584 435 2593 -
466 2558 678 2623 septemtrionem
701 2576 826 2629 qusque
847 2562 923 2614 i-bS.
952 2593 980 2604 -
1013 2587 1142 2643 compage
1164 2579 1277 2637 saleim

102 2626 341 2692 (suspendebam)
361 2623 390 2673 F.
412 2641 514 2674 -non
532 2625 662 2676 immutet
680 2624 711 2675 0
881 2634 908 2710 ⁶¹.
942 2632 1160 2694 rraeeveroe.
1196 2650 1276 2704 deus
1387 2711 1389 2714 ,

101 2704 173 2757 (orn.
189 2699 264 2753 vero)
284 2694 334 2743 tlt.
353 2718 386 2732 -
404 2692 478 2742 oisss
493 2700 554 2743 sunl
570 2693 650 2742 simul
673 2708 727 2743 sm.
764 2696 863 2747 semol
879 2716 954 2751 ossae
973 2712 1035 2756 sunl
1052 2706 1083 2757 0.
1117 2722 1180 2767 ssent
1195 2718 1276 2771 simut

101 2770 172 2824 (orsi.
191 2762 278 2820 eisne)
301 2760 335 2811 G.
370 2760 444 2811 visne
461 2768 522 2813 sunt
541 2758 610 2820 [niel.
630 2761 723 2819 simui)
747 2762 799 2812 Hi.
822 2791 857 2802 —
883 2782 901 2816 n
922 2784 950 2819 se
969 2775 1038 2830 (orn.
1054 2780 1093 2835 et)
1116 2777 1170 2832 CF,
1191 2812 1218 2823 -
1241 2788 1276 2839 ὴ,

102 2830 176 2883 coelo
195 2830 246 2880 lll.
263 2854 295 2865 —
313 2828 524 2895 npprodnrslrsr.
546 2829 655 2879 Constat
670 2828 756 2896 igitur
773 2831 826 2881 112.
841 2858 876 2869 —
893 2851 961 2887 usus
977 2842 1099 2904 affirmet
1113 2863 1138 2897 v.

100 2906 128 2949 7.
163 2897 199 2947 ssd
217 2912 336 2947 ocensem
356 2894 497 2945 ornans.
532 2897 701 2947 inoccatum
719 2895 900 2949 lili-bsh.
922 2929 948 2941 -
968 2905 997 2956 irs
1013 2915 1154 2965 contrario
1172 2916 1222 2969 Rl.
1244 2946 1273 2959 -

105 2964 307 3017 Consideremus
323 2980 388 3031 ergo
403 2962 601 3014 FSGTs.Berr.
637 2963 829 3017 consideremus
846 2967 916 3029 (ons.
936 2973 1016 3041 ergo)
1040 2976 1090 3028 ΙΙΙ,
1125 2986 1274 3038 emim.
1308 3020 1310 3025 .

101 3033 260 3084 musenim
278 3028 486 3082 cusentum.
510 3058 542 3069 -
565 3031 700 3107 signarem
719 3030 790 3083 Mes.
809 3035 943 3087 r-nblm
959 3041 1084 3109 ,‚dngl.“
1118 3050 1276 3110 „Rectissi-
1339 3046 1346 3065 ⁸

102 3102 180 3151 nse-‘⁶
204 3100 290 3151 chn.
326 3100 513 3167 singulorum
535 3098 595 3148 b-s.
631 3098 749 3162 „nonne
769 3117 816 3151 res
837 3099 900 3167 ipsa
921 3107 1009 3159 scribi
1030 3116 1155 3177 postulet
1169 3121 1275 3191 signo-

100 3185 161 3219 rum
183 3164 320 3220 ordinem?
354 3167 423 3218 llam
443 3174 471 3217 ct
489 3166 617 3232 sequitur
633 3165 765 3218 continno
781 3175 808 3221 ct
826 3170 860 3221 ab
877 3189 932 3222 urso
952 3176 1051 3245 signo
1069 3185 1182 3249 quolibet
1200 3192 1275 3242 etc.“

100 3236 182 3287 Perit.
211 3263 233 3273 -
261 3234 408 3302 quodlibet
428 3251 454 3285 v.
478 3260 511 3273 -
535 3236 591 3285 cies
614 3234 716 3285 ordinis
739 3253 873 3289 sumemus
890 3240 1022 3295 isitium
1044 3247 1095 3301 mr.
1247 3263 1273 3310 ο.

99 3310 162 3371 post
184 3300 266 3355 donc
286 3310 380 3354 taurus
398 3302 519 3371 emergit.
544 3303 649 3369 ipsum
671 3304 775 3371 gemini
799 3304 850 3355 lli·
874 3333 902 3344 -
926 3309 1109 3379 insequuntur
1130 3322 1219 3391 wgo,
1241 3352 1275 3367 ...

100 3370 207 3437 reliquo
228 3372 327 3438 signe
350 3371 407 3420 s-b.
431 3397 466 3411 -·
488 3372 538 3421 isti
561 3369 591 3420 C.
618 3396 645 3407 —
670 3371 703 3421 nb
721 3372 867 3453 crientonis
889 3378 1047 3433 occidentem
1071 3385 1144 3439 cnr.
1170 3418 1196 3428 -
1222 3411 1275 3445 non
1323 3439 1326 3445 ,

101 3438 188 3490 ariete
206 3444 274 3499 (orm
295 3438 342 3497 nt)
367 3438 418 3489 lit.
442 3465 474 3476 -
496 3438 542 3489 secl
562 3438 678 3504 potiar
696 3455 713 3487 a
730 3440 845 3507 geminis
866 3458 891 3493 v.
913 3470 946 3481 -
968 3465 986 3498 n
1002 3456 1081 3503 tauro
1098 3460 1168 3513 (orn.
1186 3464 1225 3518 et)
1242 3459 1274 3513 F,

100 3507 255 3557 mendcans
272 3511 341 3567 (om.
360 3511 398 3566 ot)
418 3504 448 3556 (l.
475 3534 502 3543 -
528 3505 697 3557 volubilitati
718 3506 737 3556 b
761 3523 794 3558 ex
814 3508 888 3561 coni.
905 3510 1018 3578 Zeunii,
1050 3520 1097 3583 qni
1116 3522 1274 3579 adnotastis

100 3572 212 3636 „Casus
236 3572 309 3625 esirn
333 3573 382 3625 bie
405 3590 457 3631 nnn
482 3588 498 3623 a
521 3572 697 3625 susbstantivo
724 3573 773 3623 sed
797 3574 937 3631 adiectirc
958 3599 1073 3634 consona
1092 3589 1208 3656 pendet,
1243 3601 1276 3645 nt

101 3642 186 3709 paulo
208 3641 283 3693 inira
305 3640 329 3707 [d
351 3640 401 3708 19.]
425 3642 577 3695 mundanae
594 3640 763 3693 volubilitati
785 3645 921 3697 mireris
937 3650 1087 3703 recessione.

137 3796 162 3843 γ,
198 3792 380 3858 motuum]
412 3792 430 3843 ἰ.
457 3808 481 3842 o.
507 3797 582 3842 retro
602 3792 663 3843 vol·
714 3791 888 3845 substantivo
922 3799 952 3846 et
981 3800 1068 3850 serbo
1101 3805 1276 3870 composilae

100 3866 213 3911 mm
250 3861 330 3912 cont,
358 3860 371 3925 5
399 3863 424 3910 l.
454 3862 586 3911 contrario
614 3876 662 3912 re·
713 3874 767 3910 non
786 3860 915 3928 iungitur
933 3863 1045 3917 detisus
1063 3884 1159 3935 casus,
1192 3888 1275 3937 quesn

101 3943 203 3979 mm
552 3981 557 3989 ι
713 3936 874 3991 exspectes,
909 3930 958 3981 sed
992 3934 1137 3998 genitivus
1167 3940 1275 3994 sectius

134 3999 161 4046 8.
195 3993 471 4047 recinetmsmdnnnc
488 3994 664 4045 volubilitatis
713 3993 826 4059 quidem
858 4012 921 4047 enm
954 4000 1131 4054 substantivo
1159 4007 1276 4059 coniun-

100 4080 217 4113 consono
252 4059 409 4129 secessione]
444 4058 548 4113 Fateor
581 4060 665 4111 valde
714 4062 837 4127 gendos,
870 4064 919 4113 sod
951 4066 986 4117 sd
1014 4069 1220 4126 substantivum
1247 4082 1276 4129 et

100 4129 278 4197 probabilem
298 4147 360 4181 esse
384 4128 573 4179 coniecturam
592 4128 664 4177 Zeu·
714 4129 831 4181 verbnm
850 4130 935 4183 simul
955 4134 1120 4189 relerentes
1138 4142 1190 4201 (cl.
1208 4142 1277 4195 Rei·

100 4198 141 4249 ῃῑῑ
160 4198 336 4256 sagittanti,
365 4196 471 4247 collato
496 4195 662 4261 praesertim
713 4193 770 4261 sig.
800 4213 848 4246 .o.
867 4200 957 4263 ete),
991 4218 1009 4253 s
1026 4206 1112 4257 verbo
1131 4213 1278 4265 transtulit

99 4264 188 4317 huius
212 4264 315 4331 cepitis
337 4263 400 4314 bne.
440 4262 494 4313 Sed
519 4269 610 4314 tarmen
634 4262 663 4315 in
714 4262 750 4312 sd
769 4277 786 4313 s
808 4262 954 4330 inclinum,
983 4274 1015 4321 ut
1032 4288 1082 4339 pro
1100 4275 1196 4327 datico
1212 4296 1274 4332 oum

101 4332 227 4383 oninium
240 4332 376 4383 librnrmn
392 4330 520 4395 vestigiis
532 4328 664 4381 lnsisten·
715 4329 857 4383 adieetivo
869 4332 1066 4403 coniungendo
1084 4345 1210 4407 'insuerit
1226 4363 1278 4413 gs-

102 4399 168 4450 dum
192 4416 255 4451 csse
280 4398 386 4467 putavi.
450 4397 496 4448 uid
519 4397 608 4461 enlm,
638 4396 663 4450 si
715 4396 835 4451 nitivrsnr
857 4401 892 4452 ad
916 4402 1122 4461 substantivum
1147 4417 1176 4462 et
1198 4412 1278 4465 sdic-

102 4466 265 4519 Mumbtus
282 4467 459 4520 sttrnoeionrs
477 4465 548 4517 illud
563 4481 663 4532 genus,
715 4465 820 4518 ctisnns
846 4468 931 4524 simul
957 4473 1158 4528 referendum?
1193 4479 1277 4531 Certe

102 4534 177 4601 qaod
198 4536 256 4599 est,
286 4534 335 4587 ubi
357 4533 469 4588 dicandi
490 4533 664 4589 termulano
714 4535 842 4590 accessio
890 4540 1049 4597 mundanas
1101 4546 1277 4600 volubilitsti
