2942 4859
637 91 831 137 aunario.
1302 64 1353 135 11

115 238 158 305 F.
192 233 372 305 Dunense
407 238 537 325 benigne
568 238 828 305 intercedentibus
859 237 986 304 Parisiis
1018 238 1170 325 optimum
1199 238 1349 305 Macrobii

115 342 262 409 codicem
288 362 356 415 mea
380 362 472 407 causa
497 348 599 407 toturn
629 341 769 427 quidem,
804 340 860 407 sed
889 341 922 405 in
952 339 1079 407 Gnosis
1108 339 1349 425 diligentissimo,

115 444 258 511 excussit
284 445 342 509 Tu.
369 444 581 522 Passarmns,
611 442 750 527 aliosque
778 441 951 529 complures
978 442 1181 529 perlustravit
1226 441 1347 508 Eodem

113 544 184 613 tere
211 554 351 632 tempore
374 546 433 612 alia
455 544 495 611 ad
519 544 765 611 Commentarios
790 545 824 609 in
846 543 1008 611 Somnium
1033 542 1185 631 Scipionis
1207 542 1346 631 inprimis

115 646 305 733 pertinentia
333 647 409 713 mibi
435 646 706 733 suppeditaverunt
728 668 746 712 e
768 646 953 713 bibliotheca
982 646 1130 712 Benensi
1160 649 1239 712 Ana.
1267 646 1343 711 laa-

114 770 213 827 ruos,
244 770 262 814 e
287 748 500 834 lieltdigerana
529 749 618 814 Fara.
640 750 800 827 Haasrna,
832 749 871 814 ad
895 769 964 814 mea
986 748 1088 813 studia
1112 756 1272 834 tantopere
1296 748 1343 813 iu·

114 850 217 917 sanda
248 850 400 917 adductos
428 872 447 915 a
469 851 549 917 lton.
571 851 750 929 Frcrrncc,
769 858 846 917 tanc
866 849 989 915 scholae
1007 849 1166 915 Portensis
1186 849 1342 934 magistro,

115 974 201 1019 nune
223 952 373 1039 gymnasii
392 952 580 1019 Flisabetani
603 952 803 1019 Vratislaviec
824 961 954 1029 rectore,
977 973 1079 1038 aquo
1100 951 1172 1018 licet
1192 960 1342 1038 occupato

116 1053 211 1121 lcrsrit
231 1048 366 1121 Senecae
387 1054 498 1120 edendi
518 1054 684 1141 provincia,
706 1076 800 1141 qnam
820 1076 879 1140 eqo
899 1074 983 1120 eram
1006 1062 1215 1141 suscepturus,
1237 1060 1341 1119 taram

116 1164 237 1222 tantum
268 1156 372 1233 abest,
407 1164 443 1221 ut
476 1177 547 1221 cum
575 1176 613 1223 eo
643 1156 717 1223 mibi
746 1166 850 1221 ortum
878 1154 919 1221 sit
946 1156 1071 1242 aliquod
1095 1154 1273 1233 discidium,
1303 1163 1340 1221 ut

116 1258 227 1325 cadem
248 1258 422 1325 stradiorum
444 1258 523 1323 ratio
543 1266 629 1324 arcto
651 1280 708 1324 nos
732 1257 925 1323 coniunxerit
944 1258 1079 1323 vinomo:
1109 1256 1338 1323 elterolinensi

115 1362 165 1427 lo.
194 1362 339 1427 Faaaaro
370 1382 405 1427 sc
422 1360 648 1453 ‚ammosa
676 1361 939 1436 Houarrsmos,
971 1358 1164 1445 superiorum
1193 1358 1337 1425 ordinum

114 1462 150 1528 in
174 1462 340 1550 Gymnasio
367 1462 542 1531 Coloniensi
567 1462 724 1548 magister:
756 1460 943 1528 eLeidmsi
967 1463 1034 1527 lac.
1061 1460 1217 1540 Granios,
1248 1461 1336 1527 (snitu

114 1564 338 1649 benignitates
380 1564 521 1631 eximiam
565 1564 683 1650 experti
726 1563 817 1629 mrdti
866 1562 982 1628 meritis
1030 1562 1173 1629 laudibus
1219 1563 1335 1629 extule-

113 1674 199 1731 runt
243 1667 280 1731 ln
305 1686 402 1732 unum
428 1666 588 1733 etiamtum
615 1663 779 1749 cupiebam
808 1663 962 1748 inquirere
991 1663 1143 1741 codicem,
1176 1664 1335 1730 Gmtabri-

115 1764 254 1851 gienmm
278 1766 347 1833 dico
377 1767 461 1835 ilum
487 1788 506 1833 e
532 1786 596 1851 qno
623 1764 798 1831 mumma
820 1764 1031 1851 compluribus
1057 1766 1133 1832 locis
1153 1786 1189 1831 se
1212 1765 1334 1851 supple

113 1866 196 1933 vissa
227 1887 397 1957 eorumque
428 1868 569 1934 ordinem
595 1866 761 1933 mutavisse
781 1866 968 1955 praedicavit
986 1868 1155 1935 Pontanus
1198 1868 1334 1946 Frustra,

109 1976 151 2033 ut
172 1969 298 2055 quidem
323 1971 500 2045 videbatur,
531 1968 614 2035 initis
639 1988 841 2056 quaecunque
869 1969 943 2035 mibi
968 1970 1115 2057 pambant
1142 1968 1198 2035 viis
1228 1969 1333 2057 potari

110 2090 184 2137 meo
207 2070 322 2137 iudicio
341 2091 409 2137 csse
428 2068 652 2137 conficiendum
673 2071 758 2157 quod
780 2093 798 2137 s
817 2072 925 2138 codice
944 2072 1113 2138 diiudicare
1132 2092 1195 2136 non
1218 2068 1332 2136 liceret

109 2172 159 2239 lle
179 2170 353 2239 secuntias
372 2172 542 2239 esaminma
563 2172 607 2239 ita
627 2172 701 2237 milri
721 2173 868 2259 persuasi,
889 2174 1104 2240 commenticia
1124 2194 1192 2239 esse
1211 2180 1244 2238 et
1260 2170 1333 2238 licta

110 2292 192 2360 quae
215 2272 247 2339 in
273 2274 379 2341 codice
404 2294 438 2339 se
463 2274 613 2341 invenim
635 2275 809 2341 mmulmset
828 2274 997 2341 Pantanus.
1039 2276 1127 2341 llnnc
1149 2272 1331 2339 sententiam

108 2376 240 2462 esposui
265 2377 298 2443 in
323 2376 581 2443 commentatione
606 2398 699 2463 quum
728 2377 799 2441 misi
821 2377 856 2441 F.
879 2378 1076 2441 Tranassem·
1102 2377 1135 2440 in
1157 2375 1332 2441 academiae

108 2478 305 2545 Mmcensis
328 2499 476 2543 mnsessu
498 2478 696 2543 recitandam.
752 2477 843 2555 Quae
873 2476 948 2543 dum
976 2476 1058 2561 typis
1087 2474 1270 2540 describitur
1292 2478 1331 2563 ⁴),

110 2579 236 2647 tandem
260 2578 335 2645 nui
359 2578 501 2662 contigit,
529 2575 1330 2663 utnonmododeillocodioealiqoidandirem,

110 2680 165 2747 sed
185 2681 252 2767 ipse
270 2700 344 2747 eum
364 2678 509 2745 riderem
554 2680 633 2747 Nam
652 2680 687 2745 F.
705 2679 909 2758 llcarnnros,
932 2680 971 2746 ad
989 2700 1083 2766 quem
1105 2679 1238 2765 perlatae
1257 2689 1330 2746 sunt

108 2783 215 2849 literae
235 2804 253 2848 a
275 2802 325 2849 me
346 2780 434 2847 datae
457 2779 496 2846 ad
519 2779 722 2849 bibliothecae
743 2780 1001 2867 cantabrigiensis
1022 2780 1220 2867 praelectum,
1239 2782 1328 2848 cuius

109 2883 163 2949 ille
182 2884 263 2949 vices
282 2891 357 2949 tune
377 2882 519 2968 gerebat,
543 2901 607 2949 non
628 2882 780 2949 dubitarit
798 2890 883 2948 tanta
906 2902 977 2949 cum
999 2882 1179 2948 liberalitate
1200 2904 1257 2968 pro
1277 2905 1328 2950 me

109 2984 311 3063 intercedere,
342 2994 380 3051 ut
403 2982 573 3071 syngrapha
597 2984 632 3049 L
654 2984 801 3049 librarum
823 2983 862 3048 de
883 2984 989 3049 codiee
1010 2984 1094 3049 salvo
1115 3004 1225 3049 sarens
1244 2984 1327 3053 hunc

109 3086 185 3155 mibi
205 3085 355 3153 micent:
375 3106 438 3172 quo
456 3086 640 3172 perlustrato
660 3084 786 3151 omnino
803 3084 865 3150 ridi
886 3086 1114 3172 comprobatam
1136 3107 1236 3152 meam
1257 3108 1325 3155 son·

109 3190 236 3257 tentiam
256 3190 295 3275 ε).
337 3187 432 3255 Plura
453 3186 492 3253 de
513 3186 571 3253 boc
591 3206 626 3253 re
643 3187 713 3253 ride
734 3186 767 3252 in
788 3186 1013 3274 prolegomenis
1033 3209 1063 3274 p.
1084 3212 1186 3255 mur
1209 3210 1276 3277 sqq.

193 3392 301 3471 Quum
320 3410 428 3457 eorum
448 3389 501 3476 qui
522 3389 553 3455 in
572 3389 763 3476 antiquitatis
783 3390 893 3456 studiis
913 3398 1072 3456 versamur
1091 3390 1123 3455 in
1145 3392 1249 3457 multis
1267 3392 1323 3458 dil-

106 3495 296 3561 licnltatibus
319 3491 407 3578 quasi
431 3500 539 3577 portus
562 3499 594 3557 et
620 3490 772 3577 retugium
798 3491 838 3557 sit
860 3492 1050 3569 Macrobius,
1086 3500 1119 3557 et
1139 3500 1255 3577 gratam
1276 3494 1327 3561 bis
1452 3537 1453 3544 κ

107 3596 173 3665 lore
197 3616 296 3661 meam
322 3612 448 3679 operam
474 3592 699 3671 existimabam,
733 3602 765 3659 et
788 3592 876 3659 heile
903 3615 952 3659 mo
974 3592 1168 3659 invmmmm
1190 3615 1257 3659 csse
1275 3616 1323 3662 rc-

105 3699 308 3783 demptercm.
351 3694 414 3763 Sed
433 3715 503 3781 spes
523 3716 573 3763 mc
594 3692 706 3761 lelellit
749 3694 939 3780 bibliopolae
958 3694 1131 3780 complures
1148 3694 1322 3782 tempomm

106 3818 254 3867 excusem
272 3797 478 3883 iniquitatem:
506 3796 582 3874 duo,
598 3816 791 3862 summorum
803 3796 949 3873 morum,
964 3796 1041 3861 alter
1052 3794 1090 3861 G.
1102 3796 1324 3877 Raasnsanrr,
1452 3807 1453 3868 ἐ

106 3902 183 3967 alter
205 3898 240 3967 (t
262 3898 297 3965 F.
316 3898 587 3975 Nascnnaaacrur,
606 3898 789 3963 anctoritate
809 3897 965 3975 commui,
983 3898 1139 3983 suscipere
1155 3899 1323 3984 negotium,
1452 3913 1453 3990 ζ

177 4180 206 4245 ⁴)
226 4179 269 4229 cs.
287 4179 406 4228 sarriens
428 4178 479 4227 rer
501 4147 616 4240 catign-
632 4178 728 4239 anyer.
753 4176 901 4227 nascente
924 4178 949 4225 a.
968 4176 1018 4227 w.
1039 4174 1112 4227 ssu.
1138 4180 1172 4229 n.
1191 4179 1232 4227 sa.
1265 4182 1323 4232 ec·
1451 4155 1453 4262 l

107 4265 195 4315 lettrte
214 4262 370 4327 Anaetgen,
385 4261 459 4310 1844.
481 4262 512 4311 u.
528 4260 584 4310 ttt.
603 4274 629 4323 p.
647 4261 695 4310 ³³9
714 4276 774 4324 sqq.
795 4262 907 4325 „Ueber
922 4261 966 4311 die
983 4262 1196 4329 ursprungtictte
1211 4265 1324 4337 (testata
1452 4271 1453 4316 l

107 4349 156 4400 der
171 4346 350 4397 saturnellae
369 4346 419 4395 des
439 4344 631 4396 blacrobtas.⁴‘
1452 4333 1453 4362 l

174 4436 205 4493 ⁸)
224 4432 268 4485 os.
287 4431 420 4483 essese·
438 4430 595 4495 anzeigen,
616 4428 688 4480 sets.
716 4430 748 4480 s.
766 4428 826 4480 ass.
1364 4379 1454 4815 ⁴p
