2942 4859
263 83 401 154 couu
420 52 611 159 nusomv.
630 85 730 159 seu.
772 89 848 157 us.
872 93 896 158 1.
940 92 1029 163 mn.
1052 97 1104 164 vn
1224 101 1267 167 ro

94 252 163 321 rius
191 274 354 352 numerus,
389 254 421 321 id
448 264 497 321 est
522 278 562 323 ex
587 256 688 323 tribus
713 260 878 344 generibus
906 262 1142 331 conversionum
1169 274 1201 333 et
1229 289 1266 334 ex

93 348 247 425 quattuor
264 339 364 405 modu
390 340 505 426 quibus
526 363 731 428 unaquaeqne
759 346 957 413 convertitur.
1000 350 1040 414 Hi
1066 359 1267 418 sumentem

93 432 244 509 quattuor
266 424 365 490 modi:
404 426 439 490 tit
460 427 543 492 enim
570 428 669 513 prime
691 428 816 495 bu'mido
842 431 953 497 deindo
976 433 1074 499 cuiidn
1094 434 1165 501 inde
1187 437 1267 502 siocs

93 518 128 575 ει
152 508 191 573 ed
214 510 359 575 ultimum
380 509 499 596 frigida.
546 513 590 577 Ει
611 514 743 579 maxime
770 517 943 593 conversio,
970 516 1001 581 id
1021 528 1068 584 est
1088 522 1176 598 enni,
1208 522 1320 587 ιιι-60

92 593 177 659 mido
199 602 248 659 est
267 615 363 660 verno
383 605 533 682 tempore,
552 597 649 662 calida
667 600 794 676 aestivo,
813 600 890 665 sicce
908 608 1066 679 autumno,
1083 604 1192 689 frigide
1210 620 1318 691 peuce]

93 679 241 745 hiemem.
283 680 389 745 Medis
410 690 514 747 nutem
537 684 712 761 conversio,
737 684 866 763 mensis,
894 706 949 769 por
967 687 1071 751 lunum
1093 689 1135 753 its
1155 690 1205 765 iit,
1231 698 1267 755 ut

94 765 196 851 primu
217 764 258 829 sit
278 764 446 832 hebdomos
469 766 610 843 humide,
636 768 709 854 quie
730 788 858 835 noscens
880 770 953 835 lune
971 770 1133 844 humorem
1154 775 1267 840 ossolet

93 852 263 916 concitore:
284 852 417 916 secundo
434 852 540 927 oniido,
557 852 752 919 adolescente
770 854 801 918 in
820 854 927 919 eudem
947 855 1015 920 luce
1034 856 1073 921 de
1090 857 1163 922 solis
1180 878 1266 943 espe-

93 942 163 1001 ctu:
183 935 275 1019 tertio
295 936 389 1014 sicce,
408 939 495 1023 quusi
516 936 586 1024 ptus
607 937 646 1002 ub
670 947 743 1004 ortu
764 949 899 1005 remoto:
918 948 1029 1026 quartu
1050 941 1172 1025 frigida,
1193 941 1267 1009 deii·

93 1018 196 1086 ciente
216 1020 276 1084 inm
298 1020 423 1086 iumine.
466 1023 570 1087 Tertia
592 1043 664 1088 vero
682 1025 858 1102 conversio,
907 1045 965 1091 uee
985 1033 1033 1090 est
1053 1026 1131 1102 diei,
1159 1046 1268 1091 secun·
1313 1070 1316 1078 ·

94 1104 169 1171 dum
192 1113 295 1170 ortum
316 1114 349 1170 et
370 1128 512 1172 oomsmn
533 1107 574 1172 itu
595 1107 778 1193 disponitur,
797 1109 889 1195 quod·
925 1110 1028 1175 umida
1048 1110 1088 1175 rit
1110 1110 1268 1197 usquead

94 1190 228 1277 primum
251 1189 289 1255 de
307 1200 455 1277 quattuor
473 1193 613 1277 portibus
633 1202 752 1280 purtem
775 1194 845 1273 diei,
867 1195 963 1260 calida
986 1216 1023 1260 us
1046 1216 1085 1260 ue
1103 1196 1141 1261 ad
1159 1216 1268 1261 secun·

94 1276 187 1374 dum,
209 1275 288 1373 sicco
310 1276 468 1363 usquead
490 1278 628 1355 tertiam,
654 1288 765 1363 quarto
787 1280 846 1344 ism
867 1279 984 1365 frigide.
1025 1216 1171 1378 boemus
1191 1283 1316 1365 quo-dl

93 1362 1268 1533 idm?“ttfftttdttdbtttt‘ttd,ttinissutbdufttz

94 1550 269 1615 noremque
291 1552 363 1595 eum
385 1531 468 1596 videt
490 1531 599 1596 tertius
620 1552 712 1615 quum
734 1531 902 1607 sccundus,
939 1543 971 1596 et
996 1532 1039 1596 ite
1064 1530 1269 1607 decrescendo

93 1615 135 1681 ud
157 1615 240 1681 diem
262 1616 429 1700 septimum
455 1615 608 1700 pervenit:
649 1636 758 1679 rursus
779 1625 904 1681 octavus
926 1615 991 1679 dies
1014 1625 1118 1680 munet
1137 1615 1269 1698 septimo

91 1720 168 1787 per,
196 1707 229 1765 ει
246 1719 348 1765 nonus
369 1700 405 1764 iit
422 1698 531 1764 simiiis
549 1707 649 1775 sexto,
676 1698 813 1764 decimus
834 1699 960 1785 quinto,
982 1705 1014 1763 et
1032 1698 1214 1763 undecimus
1235 1698 1270 1764 iit

91 1793 211 1871 quarto
232 1803 302 1869 per,
336 1785 490 1869 tertioque
512 1783 726 1859 duodecimus,
760 1792 792 1849 et
814 1783 923 1849 tertius
945 1784 1082 1849 decimus
1103 1783 1211 1848 similis
1234 1782 1270 1848 fit

92 1868 243 1944 secundo,
264 1876 391 1953 quartus
411 1868 548 1933 decimus
570 1868 685 1953 primo:
706 1869 797 1935 tertia
817 1889 890 1934 vero
909 1866 1077 1933 hebdomos
1096 1868 1202 1933 eodem
1225 1867 1269 1933 io·

94 1955 141 2020 cit
161 1974 243 2039 quoe
265 1953 379 2040 prims:
415 1962 524 2038 qimrte
546 1954 654 2018 endem
680 1974 759 2037 quoe
788 1952 929 2018 secunde.
981 1953 1041 2018 Hic
1063 1952 1196 2039 denique
1222 1953 1320 2019 estdb

96 2059 257 2114 numerus,
280 2038 334 2123 qui
355 2036 513 2102 bominem
533 2038 651 2125 concipi
673 2038 799 2103 formari
821 2038 870 2103 edi
890 2038 992 2105 vivero
1009 2038 1048 2104 eii
1071 2058 1106 2103 uo
1126 2058 1183 2124 per
1203 2058 1270 2103 om·
1343 2116 1354 2127 ,

96 2146 156 2191 nes
180 2131 316 2190 aetatum
343 2122 456 2209 medus
485 2123 564 2191 trudi
590 2130 732 2191 senectae
755 2131 848 2209 utque
872 2124 1000 2191 omuino
1025 2130 1167 2189 constare
1189 2121 1269 2189 iecit.

896 2312 981 2374 [Edd.
999 2311 1202 2379 vicobgrpdob.

97 2396 172 2451 Βιι.
207 2403 344 2467 septenus
359 2414 483 2450 numeror
499 2396 697 2450 BSPRfflth.
713 2422 749 2435 -
771 2412 802 2449 er
818 2394 903 2447 tribur
918 2397 1059 2463 gonoribus
1076 2397 1273 2449 conversionum

98 2465 394 2533 usuros-godus„
419 2466 553 2532 „scriptio
576 2474 604 2517 ει
622 2462 734 2516 omnino
753 2462 794 2513 ric
812 2461 899 2513 scribi
918 2464 1030 2513 debctf·
1052 2462 1137 2514 Gron.
1172 2478 1204 2513 os
1221 2461 1272 2514 tri-

98 2537 149 2588 bur
166 2536 360 2585 conversionum
378 2534 446 2599 (orn.
461 2532 616 2602 generibus)
635 2531 712 2583 Pon.
748 2546 779 2581 cs
795 2530 879 2581 tribus
894 2530 1124 2581 conversionibus
1141 2526 1171 2581 12.
1187 2554 1220 2567 -·
1236 2526 1273 2579 Hi

99 2609 189 2655 cutem
206 2610 267 2654 runt
286 2601 390 2651 numeri
413 2601 489 2669 (sup.
506 2600 593 2666 mods)
611 2598 642 2650 F.
797 2600 839 2648 60.
874 2597 1152 2664 temperaveramus
1171 2622 1204 2633 -
1224 2610 1274 2663 per

98 2670 209 2724 stenen
220 2669 332 2738 frigido
350 2667 380 2718 F.
398 2695 432 2706 -
447 2668 543 2719 nont·
560 2664 693 2719 conversio
711 2664 763 2730 Bb.
798 2666 944 2727 conversio,
964 2664 1000 2715 id
1018 2671 1065 2731 ert
1085 2665 1181 2717 monus
1198 2663 1273 2728 „Mn

98 2736 269 2791 oxoniensis
297 2734 489 2788 Bodleiunur‘⁸
516 2734 601 2786 Gron.
627 2734 673 2800 qui
703 2731 815 2784 coniert
838 2731 866 2782 in
891 2730 1135 2783 antecedentibusr
1165 2731 1201 2782 id
1224 2735 1274 2782 ort

100 2806 178 2859 unni.
199 2833 227 2842 -
244 2806 282 2871 fit
299 2805 338 2856 ito
356 2802 387 2853 F.
406 2831 439 2841 —
462 2802 623 2854 ebdomada
640 2800 751 2853 humido
768 2798 819 2850 Rr.
852 2799 962 2850 bumidn
982 2799 1104 2851 ebdomas
1122 2798 1171 2849 82.
1190 2823 1223 2835 -
1245 2796 1274 2847 ivr

100 2868 602 2939 eadem(·c.1uns)BRrGBsn.Hu.
638 2868 729 2920 cadoni
745 2868 813 2930 (om.
830 2866 873 2933 in)
891 2864 1018 2917 runnu.
1053 2867 1081 2917 in
1100 2882 1132 2918 oo
1150 2864 1213 2915 iam
1231 2862 1275 2913 Ru

99 2940 206 2994 nour·
246 2941 311 2991 iam
333 2938 401 3004 (om.
427 2939 456 2989 in
479 2938 526 3002 co)
549 2936 578 2987 S.
605 2962 638 2974 -
665 2936 699 2986 dc
717 2934 777 2986 sole
799 2939 906 3001 aspectu
932 2932 964 2983 B.
991 2960 1025 2971 -
1051 2934 1120 3000 quin
1142 2931 1206 2999 pius
1226 2936 1275 2981 ert

99 3008 205 3073 „uam
240 3006 321 3073 Quod
345 3005 537 3056 indubitanter
558 3002 676 3069 occipio.
710 3000 781 3054 Nem
803 3001 929 3069 proiecto
952 3000 1088 3051 rationem
1112 3000 1160 3051 det
1183 2996 1277 3049 vorin-

99 3075 202 3138 tionir,
226 3092 280 3126 non
299 3074 472 3134 berintutnr,
500 3077 530 3122 ει
547 3072 588 3122 ite
607 3071 641 3121 de
660 3068 751 3137 prima
770 3067 945 3119 hebdomade
964 3067 1115 3134 Ιεειιὶιιπ.η
1136 3066 1223 3118 Gron.
1243 3090 1276 3103 -

106 3146 199 3197 uenio
219 3144 288 3209 (om.
306 3146 381 3200 uero)
400 3140 421 3191 S
440 3141 537 3205 (oraro
555 3137 602 3204 F).
623 3165 656 3177 -
677 3138 788 3190 burrido
800 3140 821 3204 s
826 3138 847 3189 it
863 3134 886 3186 F
888 3170 895 3185 .
922 3162 954 3172 -
977 3137 1099 3204 portibus
1117 3136 1171 3189 dici
1207 3138 1276 3185 orto

100 3212 157 3265 m.
183 3237 216 3249 -
244 3226 327 3276 usquc
350 3208 492 3260 secundam
515 3207 584 3273 (cm.
607 3206 658 3272 ud)
680 3204 712 3255 F.
874 3205 917 3254 ot.
957 3204 1185 3269 incremento„
1218 3202 1277 3252 sr.“

99 3278 187 3332 Gron.
208 3277 255 3345 qni
274 3277 383 3327 content
399 3276 475 3326 intro
495 3274 566 3341 §⁷³
586 3274 614 3325 in
635 3272 771 3325 crementio
788 3270 816 3322 in
834 3270 894 3323 suis
908 3270 986 3335 Men,
1004 3281 1033 3324 ct
1052 3272 1155 3325 Fuvon.
1175 3270 1276 3335 Eutog.

101 3348 141 3415 [p.
160 3352 211 3398 sor
235 3344 310 3411 0r.]:
331 3345 432 3395 dierum
447 3344 612 3409 noctiumque
629 3348 767 3392 cremento.
802 3338 954 3391 Scboiinst.
973 3340 1133 3391 Germanici
1159 3344 1187 3391 et
1209 3336 1278 3389 Fur-

100 3422 180 3483 gont
204 3414 254 3465 iib.
277 3412 321 3475 Ii,
343 3411 399 3463 vnn.
419 3411 470 3479 uit.
488 3410 561 3471 (bic)
583 3406 719 3461 monsontio
735 3409 829 3471 innoc,
861 3408 928 3459 ibid.
946 3408 981 3458 de
999 3408 1102 3459 contin.
1121 3405 1221 3471 virgil.
1241 3402 1278 3454 od

101 3484 166 3537 doni
182 3488 327 3542 cremento,
345 3487 374 3530 et
392 3479 464 3544 npud
484 3478 557 3529 Ptin.
575 3476 608 3529 N.
627 3476 663 3525 Η.
683 3476 735 3536 xl,
755 3479 788 3527 ³¹!
807 3473 838 3541 [s.
857 3480 907 3539 55,
926 3476 939 3540 5
961 3474 1027 3540 149.]
1046 3490 1079 3525 cx
1098 3474 1159 3524 eisd.
1181 3468 1277 3521 Chiid.

101 3560 131 3604 et
156 3550 233 3601 boid.
256 3548 293 3600 nd
314 3554 445 3599 cremento
467 3546 562 3608 innoc,
587 3544 730 3595 otveriur
753 3542 889 3593 lectiones
913 3542 935 3591 l.
954 3540 1106 3609 Bongnrsii
1124 3540 1158 3589 nd
1177 3536 1279 3587 lustin.

100 3618 200 3680 Uli,
216 3632 276 3683 cup.
293 3619 323 3679 2,
347 3620 376 3666 et
394 3614 582 3665 membranum
602 3610 681 3661 Leid.
721 3613 758 3662 Δι
777 3609 849 3675 apud
869 3608 1060 3667 Meerotrium,
1083 3612 1114 3657 nt
1130 3603 1203 3683 apud
1220 3618 1280 3653 mo·

101 3688 193 3740 liores
211 3684 264 3736 bos
283 3683 444 3748 scriptores,
462 3683 490 3733 in
510 3698 526 3731 e
548 3678 674 3731 librariis
691 3683 772 3743 putet
789 3676 933 3727 corissum.
969 3674 1112 3741 (Spatium
1132 3672 1280 3749 minimum

100 3752 237 3807 retirtum
258 3757 303 3803 ert
327 3751 356 3801 in
380 3748 434 3811 [ἃς
468 3750 575 3799 notium
603 3746 632 3797 in
655 3740 987 3805 Gn.ren1vossu.131n.;
1023 3740 1094 3791 inb
1119 3741 1148 3790 in
1172 3736 1281 3789 edscrr·

102 3830 184 3891 ptum
205 3827 262 3881 ost3
293 3818 321 3869 in
341 3818 397 3866 vib
414 3815 522 3883 tegitur
540 3817 568 3866 in
586 3812 766 3876 incremento).
805 3812 835 3861 in
853 3811 962 3861 incocto
985 3814 1060 3873 (sup.
1080 3812 1152 3867 men)
1175 3806 1224 3855 ΒΞ.
1246 3826 1281 3840 -

103 3891 180 3943 oidet
196 3903 255 3939 cunr
271 3883 460 3937 munerun.
482 3909 510 3921 -
528 3898 581 3949 por
598 3882 707 3949 septimo
724 3880 775 3929 Bb.
794 3903 826 3916 -
845 3875 941 3928 rimiiir
948 3877 986 3942 fit
1002 3884 1073 3928 rosto
1091 3874 1125 3925 G.
1145 3900 1180 3913 -
1195 3869 1281 3921 unde·

104 3960 191 4011 einim
207 3958 276 4020 (our.
293 3955 332 4019 et)
349 3952 382 4003 B.
400 3978 430 3989 -
449 3957 608 4018 quortopor
625 3949 695 4013 (orn.
705 3949 756 4063 ΙΙξι)
774 3945 806 3997 Ρ.
841 3951 935 4012 quarm
942 3944 980 4024 Jit
994 3960 1047 4011 por
1057 3942 1108 3993 Bi.
1138 3942 1282 4021 ‚litqunrto

106 4028 187 4093 (snp-
210 4024 275 4075 edo.
293 4020 359 4090 por)
383 4018 434 4070 ΕΒ,
463 4044 498 4058 -
529 4016 657 4082 tertioque
680 4013 702 4064 Β
728 4010 838 4065 83126
860 4011 1058 4078 „Angtrcnni.“
1106 4016 1184 4061 tertio
1204 4022 1283 4072 ouo-

105 4110 158 4163 quc
175 4088 341 4142 uturum.
365 4112 400 4125 -
421 4083 648 4138 tertiusdecimus
669 4083 739 4146 (om.
757 4082 795 4143 ct)
815 4077 850 4129 B.
872 4104 906 4117 -
929 4079 1024 4131 sinitis
1032 4079 1071 4145 sit
1091 4092 1146 4129 om.
1170 4072 1202 4125 F.
1245 4074 1284 4138 fit

105 4161 204 4216 similis
226 4155 392 4210 unorum.
416 4180 445 4192 -
468 4151 561 4204 eaden
584 4151 655 4215 (om.
671 4148 760 4216 sarit)
784 4146 807 4199 P
832 4145 941 4212 „Msr.“
1107 4147 1151 4197 δι.
1189 4156 1283 4193 numo-

145 4352 189 4401 ott.
224 4343 303 4413 quari
327 4344 390 4413 pius
416 4342 450 4395 ab
475 4347 535 4395 ons
560 4338 672 4407 remoto]
724 4335 811 4390 tertio
830 4332 934 4387 monnio
958 4338 1037 4401 ports
1054 4334 1121 4389 tune
1145 4330 1284 4413 dici-pot-

108 4416 248 4485 Tempus,
265 4409 463 4481 qnonuoitnr
480 4410 555 4472 tune,
573 4424 626 4460 non
642 4422 674 4460 ro
725 4411 769 4457 ειι
788 4404 879 4464 sicce,
908 4404 986 4471 quari
1008 4404 1044 4456 ub
1068 4412 1145 4469 ortu,
1174 4416 1222 4468 qur
1241 4396 1284 4448 ei-

109 4501 181 4541 vers
201 4481 265 4538 eius
288 4486 368 4536 ortu
394 4485 453 4535 ost:
484 4478 674 4545 inquorum
724 4474 802 4528 torro
820 4470 951 4527 videntur
968 4470 1129 4537 humorem,
1147 4468 1266 4521 remoto·

1105 4560 1127 4623 4
