2942 4859
167 125 210 193 to
649 110 859 183 uncuouu

168 296 273 365 mitas:
313 290 408 377 igitur
428 284 557 393 sphpcra
581 283 693 382 Martia
716 283 796 367 ignis
818 278 984 377 halpeetur,
1012 294 1066 341 ses
1086 274 1184 353 loris,
1213 272 1342 375 Saturni

140 364 1003 551 ilt⁰attttttlittltstltiltltm‘t
1022 380 1343 531 timulsti

163 550 285 635 'eampis
307 547 423 623 anima,
459 564 529 607 cum
550 541 582 606 in
611 557 723 624 corpus
751 534 918 611 emittitur,
956 552 1011 617 per
1031 538 1095 595 tres
1116 532 1342 597 elementorum

172 636 295 701 ordines
318 632 399 697 trina
421 637 521 693 morte
547 626 584 691 ad
608 644 719 709 eorpus
744 641 844 706 usque
870 616 1036 684 deseendit
1079 617 1162 714 llaec
1189 626 1237 680 est
1261 617 1345 681 inter

171 719 347 785 Platonicos
368 715 407 779 de
429 720 528 777 morto
549 712 684 786 animae,
722 728 793 772 cum
821 704 852 769 iu
882 724 994 788 corpus
1020 701 1170 778 truditur,
1208 701 1343 767 secunda

44 810 46 817 ⁴
125 803 334 877 losententia.
375 797 438 865 Alii
460 818 531 864 vero
551 804 637 875 (nam
657 802 721 858 tres
740 812 808 857 esse
827 790 979 855 intereos
999 788 1221 853 sententiarum
1242 786 1344 852 diver·

173 890 278 956 sitates
299 892 370 953 ante
384 882 585 969 signavimus)
607 878 731 945 induas
773 875 878 941 uidam
893 882 926 939 et
942 873 999 959 ipsi
1024 880 1135 957 partes,
1155 871 1235 937 sicut
1251 872 1343 957 primi

172 974 297 1049 iaciunt,
317 968 370 1035 sed
392 990 454 1033 non
475 967 570 1033 isdem
593 962 732 1029 terminis
750 898 891 1026 iividuut
908 957 1069 1023 mundum.
1112 956 1153 1021 Hi
1170 956 1252 1021 enim
1275 978 1344 1023 caa-

173 1059 238 1125 lum
260 1055 344 1142 quod
365 1048 510 1137 ἀπλανὴς
531 1051 660 1138 sphaera
680 1046 832 1115 vocitatur
853 1053 972 1132 partam
991 1062 1102 1120 unam,
1131 1051 1249 1127 septem
1269 1063 1345 1108 vero

174 1144 318 1229 sphaeras
345 1158 424 1225 quaa
452 1158 545 1222 vagae
567 1142 715 1201 vocantur
741 1140 773 1197 et
798 1129 883 1217 quod
905 1130 986 1193 inter
1012 1128 1079 1193 illas
1104 1147 1139 1191 ac
1162 1134 1274 1192 terram
1296 1137 1347 1194 est

126 1233 351 1312 llterramque
373 1224 469 1308 ipsam
489 1223 616 1287 alteram
640 1226 760 1305 partem
782 1236 850 1281 esse
872 1214 1047 1281 noluerunt
1090 1212 1265 1279 &eundum
1286 1212 1346 1279 laos

175 1332 265 1397 orgo,
292 1328 425 1395 quorum
447 1314 547 1373 sectae
567 1304 719 1372 amicitior
740 1311 787 1368 est
811 1301 904 1378 ratio,
929 1299 1050 1364 animae
1070 1296 1177 1362 beatae
1197 1298 1236 1363 ab
1257 1298 1345 1363 omni

176 1398 397 1479 cuiuscumque
417 1392 599 1477 contagione
622 1388 760 1475 corporis
780 1387 894 1451 liberae
920 1384 1039 1449 caelum
1064 1382 1235 1469 possident,
1264 1403 1347 1469 quae

176 1500 250 1547 vero
276 1477 483 1565 appetentiam
512 1496 565 1541 cor
586 1476 649 1540 oris
676 1483 707 1539 et
734 1472 828 1537 huius
853 1489 946 1556 quam
972 1468 1231 1534 intermittam
1256 1488 1348 1534 roca·

175 1585 246 1632 mus
267 1564 306 1628 ab
326 1564 377 1628 illa
399 1563 521 1648 specula
547 1498 694 1627 aiiissima
717 1565 749 1623 et
770 1565 917 1643 perpetua
941 1555 1009 1620 luce
1036 1553 1207 1652 despiciens
1227 1554 1347 1620 deside-

175 1651 224 1715 rio
245 1648 359 1714 latenti·
373 1669 409 1712 co
431 1648 558 1723 itaverit,
578 1645 715 1732 pondere
736 1644 803 1728 ipso
824 1650 965 1706 terrenae
983 1640 1177 1724 cogimnmu
1219 1640 1344 1704 aulatim

129 1736 168 1801 12
178 1735 209 1799 in
236 1733 382 1798 interiora
407 1669 568 1797 ielabitur.
615 1732 679 1797 Nec
705 1728 809 1794 subito
830 1748 848 1791 a
868 1725 1003 1824 perlecta
1030 1660 1278 1822 incorporalitate
1298 1724 1347 1790 lu·

177 1828 263 1883 teum
285 1836 396 1899 eorpus
424 1817 578 1895 induitur,
617 1815 669 1879 sed
693 1813 807 1877 sensim
830 1833 885 1897 pes
904 1818 995 1876 tacita
1019 1809 1204 1875 detrimenta
1228 1818 1261 1875 et
1280 1810 1348 1875 lon·

178 1903 295 1989 giorem
319 1900 464 1985 simplicis
486 1907 518 1965 et
537 1898 781 1965 absolutissimae
803 1896 946 1995 puritatis
964 1916 1118 1959 recessum
1144 1894 1177 1958 in
1195 1894 1347 1980 quaedam

179 1985 289 2051 siderei
312 1984 450 2069 corporis
472 1985 661 2049 incrementa
681 1990 843 2066 turgescat:
884 1981 916 2044 in
944 1980 1073 2065 singulis
1100 1980 1182 2045 enim
1207 1980 1348 2065 sphaeris

179 2090 259 2157 quae
279 2068 364 2134 caelo
388 2068 543 2135 subiectae
565 2076 638 2133 sunt
663 2065 801 2133 aetheria
810 2065 1022 2149 ,obvolutione
1049 2065 1191 2145 vestitur,
1226 2074 1263 2131 ut
1288 2086 1349 2152 per

246 2238 316 2291 Mes·
338 2236 636 2301 usust’maoasna

178 2324 267 2392 dium)
284 2322 316 2377 F.
335 2352 363 2365 ·-
382 2324 412 2375 s'ss
430 2330 536 2377 terram
553 2322 698 2377 Edelliam
719 2348 752 2359 -
769 2322 797 2374 iss
814 2338 868 2387 qua
884 2320 961 2382 (see.
979 2337 997 2374 ιι
1013 2338 1069 2373 sec.
1086 2325 1139 2381 ιιι.)
1156 2320 1208 2373 Bt.
1226 2348 1261 2361 -
1273 2338 1349 2375 essm-

177 2410 226 2463 pos
243 2410 297 2444 esse
316 2391 482 2444 Eulimna·
501 2419 533 2431 -
553 2394 593 2445 ad
609 2391 812 2459 intelligendum
828 2391 880 2441 Rl.
1016 2395 1042 2442 9.
1077 2390 1151 2441 alum
1165 2389 1193 2440 in
1206 2406 1300 2458 cespes
1317 2390 1348 2442 F.

179 2463 338 2514 -secssncla
354 2477 412 2512 cass
429 2462 457 2512 in
472 2478 565 2528 eorpus
583 2460 700 2513 traditur
714 2458 743 2509 F.
874 2460 914 2507 10.
949 2458 1074 2510 intereos
1090 2471 1145 2509 esse
1160 2471 1222 2523 ng.
1232 2484 1266 2496 -
1277 2457 1349 2526 ante]

179 2529 230 2594 54.
241 2528 335 2596 —ipsi
352 2532 420 2588 (om.
433 2532 472 2588 el)
490 2526 572 2581 s-os’.
588 2555 613 2565 -
624 2535 715 2595 pastas
732 2526 799 2577 sieut
815 2532 846 2582 et,
855 2524 908 2592 ipsi
925 2524 976 2575 lit.
986 2542 1081 2576 -non
1096 2524 1220 2576 dividant
1238 2526 1351 2578 lissiess

179 2596 298 2647 terminis
314 2594 364 2645 82.
375 2622 408 2633 -
419 2596 478 2647 Hie
495 2598 562 2647 enim
581 2612 606 2646 s.
617 2620 649 2632 -
661 2596 716 2661 qai
733 2594 843 2661 aplanes
861 2598 929 2653 (om.
943 2593 1057 2653 coetum)
1075 2590 1110 2643 B.
1126 2618 1149 2628 —
1165 2592 1280 2659 sptem
1296 2609 1351 2646 ιιιιι.

180 2660 210 2713 [ι.
230 2688 264 2699 -
287 2664 426 2714 vocitetur
443 2662 579 2716 russos.
602 2688 636 2701 -
659 2662 771 2714 alteram
789 2676 843 2710 om.
862 2660 892 2710 [ι.
1047 2662 1088 2710 ll.
1123 2659 1170 2710 isos
1187 2661 1295 2728 igitur
1317 2660 1348 2713 S.

179 2754 214 2767 -
236 2728 368 2780 amicitior
390 2728 504 2781 BSle.
544 2729 685 2781 amicicias
708 2730 751 2778 ltu
772 2726 851 2793 (Fur
877 2726 999 2789 riolci).
1039 2726 1162 2778 amicior
1186 2726 1350 2781 ιθ-ΙιΡΒιι.

180 2794 240 2848 vll.
258 2794 410 2849 Forcollin.
431 2799 486 2849 lert.
502 2814 526 2847 s.
541 2813 567 2847 v.
583 2798 691 2848 amicus.
708 2822 743 2833 -
759 2796 892 2861 cuiusque
907 2793 1000 2844 unae.
1020 2796 1096 2845 -iss
1113 2801 1188 2846 terra
1202 2793 1233 2845 11.
1253 2822 1280 2834 -
1298 2804 1352 2848 ter-

179 2878 260 2915 renae
278 2865 450 2933 cogitationis
466 2881 520 2915 ons.
540 2862 611 2917 Burs.
647 2870 708 2916 terr.
726 2862 915 2931 contagionis
931 2861 999 2911 stru
1019 2861 1063 2926 (iss
1083 2861 1106 2912 B
1124 2861 1151 2913 le
1172 2862 1274 2913 ituria
1292 2880 1320 2914 ιιι
1343 2900 1351 2917 .

181 2946 199 2983 ιι
216 2948 271 2983 sec.
291 2936 341 2992 ιιι.)
364 2932 435 2996 „Mn
457 2947 475 2984 a
494 2948 548 2984 sec.
567 2932 625 2983 ιιι.“
783 2933 819 2979 ta.
855 2948 873 2981 a
894 2932 1014 2997 perfecta
1034 2880 1351 2996 lases-gimmerani.

180 2997 319 3065 „seripti“
336 2999 422 3051 (ison.
457 3000 649 3066 lsacpersecta
667 3014 722 3048 s-s.
742 3024 767 3034 -
789 2999 887 3049 luteam
905 3014 934 3048 co
966 3012 998 3046 sss
1016 3012 1033 3047 a
1049 3000 1118 3064 pers.
1135 2998 1232 3067 incorp.
1252 2997 1302 3051 Ra
1320 3026 1350 3039 -

181 3066 299 3127 aetheria
314 3064 442 3120 Ranae.
477 3067 609 3120 cethaea
626 3064 836 3117 Rtssdslfflssss.
854 3092 887 3103 -
901 3080 936 3117 sa
961 3063 1095 3117 sciatisne
1111 3081 1137 3118 r.
1155 3065 1302 3120 etlioioas
1318 3066 1349 3118 [ι.

181 3158 216 3169 -
233 3133 343 3184 sociati
361 3148 387 3183 v.

180 3297 248 3350 poro
265 3288 335 3333 terra
353 3281 422 3332 coelo
440 3282 559 3349 marique
572 3301 641 3335 nunc
658 3284 743 3335 incre·
790 3282 877 3349 paries
895 3285 924 3333 at
940 3280 1064 3334 omnium
1082 3282 1219 3337 librornm
1235 3302 1352 3339 consess·

180 3350 275 3401 mentis
291 3355 523 3413 consepssenterau
548 3352 679 3413 cri,nunc
695 3351 742 3402 eie·
793 3365 841 3399 sus
864 3350 971 3413 obstat,
1006 3356 1036 3403 et
1062 3359 1155 3420 potest
1182 3369 1251 3407 suae
1279 3354 1350 3407 illuel

182 3416 315 3469 trementia
334 3414 501 3481 obsequenter
537 3418 639 3469 iminui.
792 3432 901 3483 quoquo
917 3416 995 3468 tersi.
1266 3417 1270 3423 ’

216 3487 242 3535 8.
282 3483 310 3535 in
332 3498 385 3549 aaa
413 3484 521 3549 Elysios
543 3500 597 3535 esse
625 3484 742 3551 campos]
844 3484 957 3536 nutatim
991 3485 1019 3535 in
1051 3485 1180 3551 inferiora
1209 3488 1351 3555 delalitssr]

182 3548 283 3613 „Maro
299 3550 333 3601 cle
352 3549 450 3617 Elysio
470 3550 621 3619 magnillus
641 3552 691 3604 lits.
709 3552 741 3602 V.
792 3590 810 3617 „
836 3550 1081 3603 dPammaelslum
1099 3554 1130 3603 Ι).
1149 3554 1351 3622 Hieronymum

182 3616 218 3684 [r.
235 3620 286 3667 133
302 3616 403 3685 seqq.]=
428 3616 488 3670 Non
506 3636 547 3670 me
562 3620 645 3686 impia
662 3636 741 3670 nam·
794 3620 866 3671 Dicit
887 3620 1031 3688 Origenes,
1050 3620 1155 3685 inquit,
1177 3633 1285 3676 maetas
1302 3640 1351 3675 ra·

200 3700 232 3735 sse
257 3688 372 3738 Tartara
394 3685 505 3751 notens,
542 3688 660 3739 tristesoe
680 3704 742 3739 um·
791 3688 904 3738 tionales
923 3695 1060 3739 creaturas
1075 3690 1253 3756 incorporales
1268 3698 1294 3744 et
1308 3692 1352 3742 in·

182 3703 260 3815 irae,-
293 3753 339 3805 sesl
362 3768 473 3804 amoena
494 3754 599 3822 piorum
622 3755 742 3807 Consilia
790 3756 920 3817 visibiles,
957 3755 981 3804 si
1008 3756 1218 3825 negligentiores
1234 3760 1351 3824 suerint,

183 3820 328 3885 Elysiam
354 3836 385 3870 ue
404 3820 468 3872 colo.
500 3821 596 3875 *Aliter
614 3821 641 3873 in
662 3829 742 3875 serto
789 3821 924 3889 paulatim
939 3821 977 3871 ad
992 3822 1121 3886 inferiora
1137 3824 1204 3884 tati,
1232 3834 1258 3878 et
1275 3828 1352 3877 insta

180 3885 322 3939 Martialis
337 3836 402 3953 ἦεν.
424 3887 478 3953 δα]
509 3890 531 3940 0
553 3906 631 3956 meam
655 3904 742 3958 paene
792 3890 935 3955 qualitates
952 3889 1067 3940 locorum
1088 3892 1125 3941 orl
1142 3907 1211 3958 puae
1233 3894 1353 3960 defluant

182 3952 231 4004 titi
262 3956 374 4025 Stygias
398 3970 449 4022 ego
472 3958 626 4021 raptas-act
654 3958 742 4007 undas
791 3971 923 4007 assumere
938 3957 989 4006 sili
1011 3972 1135 4024 corpora,
1170 3960 1242 4011 cerii
1257 3962 1352 4030 gratia

185 4018 322 4085 Elysiae
334 4022 392 4072 vicli
408 4021 501 4072 ssulila
514 4025 595 4088 saaca
607 4024 741 4091 plagae·“
789 4025 904 4090 primum
916 4023 1047 4087 aetherea,
1056 4026 1151 4077 donee
1161 4044 1249 4078 aerea.
1273 4030 1352 4080 Cam·

181 4083 268 4138 Pon-r.
300 4087 449 4155 Virgilium
463 4089 597 4140 statuisse
610 4092 682 4155 apuel
699 4090 742 4141 in·
792 4108 842 4158 pue
874 4091 911 4142 ad
941 4091 1031 4142 vicina
1059 4100 1147 4145 terrae
1174 4097 1352 4161 pervenerint,

182 4148 258 4229 leros
276 4170 338 4207 esse
354 4154 483 4221 Elysium
506 4158 599 4208 elucet
619 4174 653 4209 ex
673 4160 742 4210 Aen.
791 4158 962 4209 erassiorslsss
997 4161 1147 4226 corporibus
1181 4164 1351 4228 circumdari,

181 4216 231 4268 lsls.
251 4220 507 4287 l⁷l,v.631seqq.
791 4226 932 4276 novissime
965 4225 1090 4280 humanis
1125 4230 1249 4284 carnibus
1286 4232 1351 4282 aiii·

216 4288 258 4335 ll.
293 4287 327 4337 ab
350 4290 420 4338 omni
447 4290 625 4355 cuiuscumque
647 4299 741 4341 conta-
790 4294 886 4361 gori.“
916 4293 1004 4343 Pons.

179 4353 261 4421 gione
285 4355 401 4429 compris
424 4353 531 4420 literae]
563 4355 742 4422 Propterea
827 4361 867 4407 12
915 4376 933 4408 a
963 4362 1084 4425 perfecta
1122 4362 1351 4431 incorporalitate]

180 4434 253 4485 qsrao
276 4433 403 4481 proximo
431 4426 586 4483 sequuntur
613 4424 740 4487 mallem,
790 4424 871 4474 Hanc
906 4424 1077 4489 scripturam
1113 4436 1191 4481 recte
1226 4430 1353 4482 defendit

180 4490 214 4571 ut
229 4502 252 4537 a.
268 4488 294 4551 Β,
312 4482 375 4549 te,
393 4482 490 4551 legere
508 4488 670 4554 cogitatione
682 4508 741 4544 osr-
790 4491 878 4544 (ison.
913 4489 1065 4558 Significat
1082 4494 1157 4549 euius
1177 4498 1352 4565 praepositis
