<?xml version="1.0" encoding="UTF-8"?>
<!DOCTYPE html PUBLIC "-//W3C//DTD XHTML 1.0 Transitional//EN"
    "http://www.w3.org/TR/xhtml1/DTD/xhtml1-transitional.dtd">
<html xmlns="http://www.w3.org/1999/xhtml" xml:lang="en" lang="en">
 <head>
  <title>
</title>
<meta http-equiv="Content-Type" content="text/html;charset=utf-8" />
  <meta name='ocr-system' content='tesseract 3.04.00' />
  <meta name='ocr-capabilities' content='ocr_page ocr_carea ocr_par ocr_line ocrx_word'/>
</head>
<body>
  <div class='ocr_page' id='page_1' title='image "./macrobiiambrosi03jangoog_0069.png"; bbox 0 0 2942 4859; ppageno 0'>
   <div class='ocr_carea' id='block_1_1' title="bbox 596 84 1313 157">
    <p class='ocr_par' dir='ltr' id='par_1_1' title="bbox 596 84 1313 157">
     <span class='ocr_line' id='line_1_1' title="bbox 596 84 1313 157; baseline 0.006 -4"><span class='ocrx_word' id='word_1_1' title='bbox 596 84 734 153; x_wconf 79' lang='lat' dir='ltr'><strong>CAPUT</strong></span> <span class='ocrx_word' id='word_1_2' title='bbox 755 88 810 153; x_wconf 86' lang='lat' dir='ltr'><strong>lv.</strong></span> <span class='ocrx_word' id='word_1_3' title='bbox 1241 113 1313 157; x_wconf 76' lang='lat' dir='ltr'><strong>sarr</strong></span> 
     </span>
    </p>
   </div>
   <div class='ocr_carea' id='block_1_2' title="bbox 80 250 1313 1518">
    <p class='ocr_par' dir='ltr' id='par_1_2' title="bbox 80 250 1313 1429">
     <span class='ocr_line' id='line_1_2' title="bbox 81 250 1312 327; baseline 0.007 -22"><span class='ocrx_word' id='word_1_4' title='bbox 81 250 269 307; x_wconf 79' lang='lat' dir='ltr'><strong>Meuecblurn</strong></span> <span class='ocrx_word' id='word_1_5' title='bbox 292 250 419 321; x_wconf 82' lang='lat' dir='ltr'><strong>proiecte</strong></span> <span class='ocrx_word' id='word_1_6' title='bbox 438 252 509 307; x_wconf 86' lang='lat' dir='ltr'><strong>mihi</strong></span> <span class='ocrx_word' id='word_1_7' title='bbox 528 251 733 311; x_wconf 81' lang='lat' dir='ltr'><strong>Pridericus</strong></span> <span class='ocrx_word' id='word_1_8' title='bbox 752 254 991 311; x_wconf 86' lang='lat' dir='ltr'><strong>Thiersclries</strong></span> <span class='ocrx_word' id='word_1_9' title='bbox 1012 252 1044 309; x_wconf 82' lang='lat' dir='ltr'><strong>b&#39;.</strong></span> <span class='ocrx_word' id='word_1_10' title='bbox 1067 256 1125 324; x_wconf 79' lang='lat' dir='ltr'><strong>cl,</strong></span> <span class='ocrx_word' id='word_1_11' title='bbox 1148 259 1196 327; x_wconf 78' lang='lat' dir='ltr'><strong>qui</strong></span> <span class='ocrx_word' id='word_1_12' title='bbox 1219 259 1248 313; x_wconf 94' lang='lat' dir='ltr'><strong>iu</strong></span> <span class='ocrx_word' id='word_1_13' title='bbox 1267 277 1312 313; x_wconf 88' lang='lat' dir='ltr'><strong>ms</strong></span> 
     </span>
     <span class='ocr_line' id='line_1_3' title="bbox 80 338 1313 410; baseline 0.007 -21"><span class='ocrx_word' id='word_1_14' title='bbox 80 345 114 390; x_wconf 87' lang='lat' dir='ltr'><strong>et</strong></span> <span class='ocrx_word' id='word_1_15' title='bbox 129 354 195 391; x_wconf 90' lang='lat' dir='ltr'><strong>mea</strong></span> <span class='ocrx_word' id='word_1_16' title='bbox 211 338 358 392; x_wconf 89' lang='lat' dir='ltr'><strong>literarum</strong></span> <span class='ocrx_word' id='word_1_17' title='bbox 375 338 469 391; x_wconf 86' lang='lat' dir='ltr'><strong>studio</strong></span> <span class='ocrx_word' id='word_1_18' title='bbox 487 355 600 407; x_wconf 93' lang='lat' dir='ltr'><strong>semper</strong></span> <span class='ocrx_word' id='word_1_19' title='bbox 616 341 769 409; x_wconf 85' lang='lat' dir='ltr'><strong>plurlmuns</strong></span> <span class='ocrx_word' id='word_1_20' title='bbox 788 342 909 396; x_wconf 90' lang='lat' dir='ltr'><strong>eontulit</strong></span> <span class='ocrx_word' id='word_1_21' title='bbox 923 341 1120 410; x_wconf 79' lang='lat' dir='ltr'><strong>benignitatis,</strong></span> <span class='ocrx_word' id='word_1_22' title='bbox 1138 343 1250 410; x_wconf 90' lang='lat' dir='ltr'><strong>copiam</strong></span> <span class='ocrx_word' id='word_1_23' title='bbox 1269 345 1313 397; x_wconf 82' lang='lat' dir='ltr'><strong>fe·</strong></span> 
     </span>
     <span class='ocr_line' id='line_1_4' title="bbox 81 421 1313 497; baseline 0.006 -22"><span class='ocrx_word' id='word_1_24' title='bbox 81 426 139 489; x_wconf 87' lang='lat' dir='ltr'><strong>eit,</strong></span> <span class='ocrx_word' id='word_1_25' title='bbox 160 431 190 477; x_wconf 85' lang='lat' dir='ltr'><strong>ut</strong></span> <span class='ocrx_word' id='word_1_26' title='bbox 207 425 346 488; x_wconf 76' lang='lat' dir='ltr'><strong>codicem,</strong></span> <span class='ocrx_word' id='word_1_27' title='bbox 362 421 410 489; x_wconf 86' lang='lat' dir='ltr'><strong>qui</strong></span> <span class='ocrx_word' id='word_1_28' title='bbox 428 437 501 475; x_wconf 90' lang='lat' dir='ltr'><strong>nuue</strong></span> <span class='ocrx_word' id='word_1_29' title='bbox 519 426 547 475; x_wconf 91' lang='lat' dir='ltr'><strong>lu</strong></span> <span class='ocrx_word' id='word_1_30' title='bbox 564 424 741 485; x_wconf 71' lang='lat' dir='ltr'><strong>bibliotheca</strong></span> <span class='ocrx_word' id='word_1_31' title='bbox 756 426 922 479; x_wconf 79' lang='lat' dir='ltr'><strong>Monacensi</strong></span> <span class='ocrx_word' id='word_1_32' title='bbox 936 427 1199 495; x_wconf 76' lang='lat' dir='ltr'><strong>iutsrAugustsuos</strong></span> <span class='ocrx_word' id='word_1_33' title='bbox 1214 429 1313 497; x_wconf 78' lang='lat' dir='ltr'><strong>sigua-</strong></span> 
     </span>
     <span class='ocr_line' id='line_1_5' title="bbox 82 507 1311 580; baseline 0.002 -18"><span class='ocrx_word' id='word_1_34' title='bbox 82 516 132 562; x_wconf 91' lang='lat' dir='ltr'><strong>tnr</strong></span> <span class='ocrx_word' id='word_1_35' title='bbox 151 526 267 563; x_wconf 91' lang='lat' dir='ltr'><strong>numero</strong></span> <span class='ocrx_word' id='word_1_36' title='bbox 285 513 345 572; x_wconf 78' lang='grc'><strong>919,</strong></span> <span class='ocrx_word' id='word_1_37' title='bbox 364 514 392 560; x_wconf 89' lang='lat' dir='ltr'><strong>et</strong></span> <span class='ocrx_word' id='word_1_38' title='bbox 412 524 474 560; x_wconf 87' lang='lat' dir='ltr'><strong>cnm</strong></span> <span class='ocrx_word' id='word_1_39' title='bbox 497 507 534 560; x_wconf 91' lang='lat' dir='ltr'><strong>iis</strong></span> <span class='ocrx_word' id='word_1_40' title='bbox 554 525 626 576; x_wconf 82' lang='lat' dir='ltr'><strong>quae</strong></span> <span class='ocrx_word' id='word_1_41' title='bbox 650 526 684 564; x_wconf 84' lang='lat' dir='ltr'><strong>ex</strong></span> <span class='ocrx_word' id='word_1_42' title='bbox 700 512 760 565; x_wconf 90' lang='lat' dir='ltr'><strong>illis</strong></span> <span class='ocrx_word' id='word_1_43' title='bbox 778 511 904 580; x_wconf 77' lang='lat' dir='ltr'><strong>plagulis</strong></span> <span class='ocrx_word' id='word_1_44' title='bbox 920 511 1126 579; x_wconf 87' lang='lat' dir='ltr'><strong>descripseram</strong></span> <span class='ocrx_word' id='word_1_45' title='bbox 1144 514 1311 579; x_wconf 75' lang='lat' dir='ltr'><strong>conferrem,</strong></span> 
     </span>
     <span class='ocr_line' id='line_1_6' title="bbox 82 592 1311 666; baseline 0.002 -18"><span class='ocrx_word' id='word_1_46' title='bbox 82 600 113 649; x_wconf 88' lang='lat' dir='ltr'><strong>et</strong></span> <span class='ocrx_word' id='word_1_47' title='bbox 140 594 178 647; x_wconf 90' lang='lat' dir='ltr'><strong>iis</strong></span> <span class='ocrx_word' id='word_1_48' title='bbox 205 594 337 647; x_wconf 85' lang='lat' dir='ltr'><strong>adderem</strong></span> <span class='ocrx_word' id='word_1_49' title='bbox 364 592 489 659; x_wconf 81' lang='lat' dir='ltr'><strong>reliqua,</strong></span> <span class='ocrx_word' id='word_1_50' title='bbox 515 611 633 660; x_wconf 86' lang='lat' dir='ltr'><strong>quorum</strong></span> <span class='ocrx_word' id='word_1_51' title='bbox 655 595 756 649; x_wconf 88' lang='lat' dir='ltr'><strong>ultimo</strong></span> <span class='ocrx_word' id='word_1_52' title='bbox 780 603 846 650; x_wconf 93' lang='lat' dir='ltr'><strong>suut</strong></span> <span class='ocrx_word' id='word_1_53' title='bbox 869 596 938 649; x_wconf 80' lang='lat' dir='ltr'>libri</span> <span class='ocrx_word' id='word_1_54' title='bbox 959 596 996 649; x_wconf 89' lang='lat'><strong>11.</strong></span> <span class='ocrx_word' id='word_1_55' title='bbox 1020 614 1081 666; x_wconf 89' lang='lat' dir='ltr'><strong>cap.</strong></span> <span class='ocrx_word' id='word_1_56' title='bbox 1103 601 1129 649; x_wconf 80' lang='lat'><strong>4.</strong></span> <span class='ocrx_word' id='word_1_57' title='bbox 1154 598 1168 665; x_wconf 67' lang='grc'><strong>1</strong></span> <span class='ocrx_word' id='word_1_58' title='bbox 1191 603 1216 651; x_wconf 77' lang='lat' dir='ltr'><strong>l.</strong></span> <span class='ocrx_word' id='word_1_59' title='bbox 1239 600 1311 653; x_wconf 87' lang='lat' dir='ltr'><strong>baec</strong></span> 
     </span>
     <span class='ocr_line' id='line_1_7' title="bbox 83 672 1311 749; baseline 0.003 -17"><span class='ocrx_word' id='word_1_60' title='bbox 83 681 187 732; x_wconf 82' lang='lat' dir='ltr'><strong>rerba:</strong></span> <span class='ocrx_word' id='word_1_61' title='bbox 206 679 289 732; x_wconf 83' lang='lat' dir='ltr'><strong>rorico</strong></span> <span class='ocrx_word' id='word_1_62' title='bbox 312 672 342 731; x_wconf 78' lang='lat' dir='ltr'><strong>di</strong></span> <span class='ocrx_word' id='word_1_63' title='bbox 356 674 403 729; x_wconf 81' lang='lat' dir='ltr'><strong>noi</strong></span> <span class='ocrx_word' id='word_1_64' title='bbox 422 674 468 729; x_wconf 78' lang='grc' dir='ltr'><strong>διὰ</strong></span> <span class='ocrx_word' id='word_1_65' title='bbox 484 674 536 747; x_wconf 76' lang='grc' dir='ltr'><strong>τὴν</strong></span> <span class='ocrx_word' id='word_1_66' title='bbox 552 680 744 749; x_wconf 69' lang='grc' dir='ltr'><strong>στενοχωρίαν.</strong></span> <span class='ocrx_word' id='word_1_67' title='bbox 779 682 892 735; x_wconf 81' lang='lat' dir='ltr'><strong>Codicis</strong></span> <span class='ocrx_word' id='word_1_68' title='bbox 906 680 1050 733; x_wconf 70' lang='lat' dir='ltr'><strong>chartacei</strong></span> <span class='ocrx_word' id='word_1_69' title='bbox 1070 683 1167 735; x_wconf 90' lang='lat' dir='ltr'><strong>seculo</strong></span> <span class='ocrx_word' id='word_1_70' title='bbox 1183 682 1246 735; x_wconf 81' lang='lat' dir='ltr'><strong>xlv</strong></span> <span class='ocrx_word' id='word_1_71' title='bbox 1266 684 1311 736; x_wconf 87' lang='lat' dir='ltr'><strong>rei</strong></span> 
     </span>
     <span class='ocr_line' id='line_1_8' title="bbox 82 762 1312 834; baseline 0.007 -19"><span class='ocrx_word' id='word_1_72' title='bbox 82 764 142 816; x_wconf 80' lang='grc'><strong>111.</strong></span> <span class='ocrx_word' id='word_1_73' title='bbox 162 764 262 832; x_wconf 85' lang='lat' dir='ltr'><strong>scripti</strong></span> <span class='ocrx_word' id='word_1_74' title='bbox 279 763 336 816; x_wconf 87' lang='lat' dir='ltr'><strong>leuc</strong></span> <span class='ocrx_word' id='word_1_75' title='bbox 353 762 494 832; x_wconf 82' lang='lat' dir='ltr'><strong>pertinent</strong></span> <span class='ocrx_word' id='word_1_76' title='bbox 512 766 584 821; x_wconf 81' lang='lat' dir='ltr'><strong>iulia</strong></span> <span class='ocrx_word' id='word_1_77' title='bbox 598 764 841 832; x_wconf 69' lang='lat' dir='ltr'><strong>nix-mixta,</strong></span> <span class='ocrx_word' id='word_1_78' title='bbox 860 768 889 820; x_wconf 90' lang='lat' dir='ltr'><strong>in</strong></span> <span class='ocrx_word' id='word_1_79' title='bbox 908 782 1026 834; x_wconf 86' lang='lat' dir='ltr'><strong>quorum</strong></span> <span class='ocrx_word' id='word_1_80' title='bbox 1045 768 1144 822; x_wconf 88' lang='lat' dir='ltr'><strong>ultimo</strong></span> <span class='ocrx_word' id='word_1_81' title='bbox 1163 768 1232 821; x_wconf 91' lang='lat' dir='ltr'><strong>olim</strong></span> <span class='ocrx_word' id='word_1_82' title='bbox 1252 786 1312 823; x_wconf 86' lang='lat' dir='ltr'><strong>nra-</strong></span> 
     </span>
     <span class='ocr_line' id='line_1_9' title="bbox 82 848 1312 921; baseline 0.005 -20"><span class='ocrx_word' id='word_1_83' title='bbox 82 848 200 902; x_wconf 83' lang='lat' dir='ltr'><strong>deiaeto</strong></span> <span class='ocrx_word' id='word_1_84' title='bbox 218 864 308 917; x_wconf 87' lang='lat' dir='ltr'><strong>paene</strong></span> <span class='ocrx_word' id='word_1_85' title='bbox 326 856 500 903; x_wconf 78' lang='lat' dir='ltr'><strong>evanuerunt</strong></span> <span class='ocrx_word' id='word_1_86' title='bbox 517 852 666 921; x_wconf 89' lang='lat' dir='ltr'><strong>permulta.</strong></span> <span class='ocrx_word' id='word_1_87' title='bbox 701 851 869 920; x_wconf 73' lang='lat' dir='ltr'><strong>Cogitabam</strong></span> <span class='ocrx_word' id='word_1_88' title='bbox 887 852 1040 920; x_wconf 85' lang='lat' dir='ltr'><strong>aliqnando</strong></span> <span class='ocrx_word' id='word_1_89' title='bbox 1058 854 1092 905; x_wconf 86' lang='lat' dir='ltr'><strong>de</strong></span> <span class='ocrx_word' id='word_1_90' title='bbox 1110 853 1166 907; x_wconf 90' lang='lat' dir='ltr'><strong>hae</strong></span> <span class='ocrx_word' id='word_1_91' title='bbox 1185 856 1312 908; x_wconf 83' lang='lat' dir='ltr'><strong>sessione</strong></span> 
     </span>
     <span class='ocr_line' id='line_1_10' title="bbox 82 932 1311 1004; baseline 0.007 -19"><span class='ocrx_word' id='word_1_92' title='bbox 82 933 205 987; x_wconf 88' lang='lat' dir='ltr'><strong>editioni</strong></span> <span class='ocrx_word' id='word_1_93' title='bbox 232 949 312 986; x_wconf 87' lang='lat' dir='ltr'><strong>meae</strong></span> <span class='ocrx_word' id='word_1_94' title='bbox 335 932 509 1001; x_wconf 87' lang='lat' dir='ltr'><strong>adiicienda,</strong></span> <span class='ocrx_word' id='word_1_95' title='bbox 537 953 627 1004; x_wconf 77' lang='lat' dir='ltr'><strong>usque</strong></span> <span class='ocrx_word' id='word_1_96' title='bbox 653 938 755 989; x_wconf 88' lang='lat' dir='ltr'><strong>uberet</strong></span> <span class='ocrx_word' id='word_1_97' title='bbox 777 937 845 989; x_wconf 87' lang='lat' dir='ltr'><strong>huic</strong></span> <span class='ocrx_word' id='word_1_98' title='bbox 867 955 930 989; x_wconf 89' lang='lat' dir='ltr'><strong>meo</strong></span> <span class='ocrx_word' id='word_1_99' title='bbox 951 936 1071 991; x_wconf 87' lang='lat' dir='ltr'><strong>consilio</strong></span> <span class='ocrx_word' id='word_1_100' title='bbox 1094 940 1311 994; x_wconf 83' lang='lat' dir='ltr'><strong>honestissimus</strong></span> 
     </span>
     <span class='ocr_line' id='line_1_11' title="bbox 83 1019 1312 1091; baseline 0.006 -20"><span class='ocrx_word' id='word_1_101' title='bbox 83 1020 262 1089; x_wconf 81' lang='lat' dir='ltr'><strong>redemptore</strong></span> <span class='ocrx_word' id='word_1_102' title='bbox 282 1019 331 1072; x_wconf 88' lang='lat' dir='ltr'><strong>sed</strong></span> <span class='ocrx_word' id='word_1_103' title='bbox 351 1036 414 1071; x_wconf 91' lang='lat' dir='ltr'><strong>eum</strong></span> <span class='ocrx_word' id='word_1_104' title='bbox 432 1020 566 1073; x_wconf 79' lang='lat' dir='ltr'><strong>vidissem</strong></span> <span class='ocrx_word' id='word_1_105' title='bbox 584 1022 707 1088; x_wconf 90' lang='lat' dir='ltr'><strong>plurima</strong></span> <span class='ocrx_word' id='word_1_106' title='bbox 725 1022 845 1075; x_wconf 87' lang='lat' dir='ltr'><strong>Parisiis</strong></span> <span class='ocrx_word' id='word_1_107' title='bbox 864 1038 931 1075; x_wconf 81' lang='lat' dir='ltr'><strong>esse</strong></span> <span class='ocrx_word' id='word_1_108' title='bbox 950 1024 1086 1089; x_wconf 87' lang='lat' dir='ltr'><strong>peteuda,</strong></span> <span class='ocrx_word' id='word_1_109' title='bbox 1106 1024 1179 1091; x_wconf 80' lang='lat' dir='ltr'><strong>qnod</strong></span> <span class='ocrx_word' id='word_1_110' title='bbox 1199 1025 1312 1091; x_wconf 79' lang='lat' dir='ltr'><strong>quidem</strong></span> 
     </span>
     <span class='ocr_line' id='line_1_12' title="bbox 84 1106 1312 1177; baseline 0.005 -20"><span class='ocrx_word' id='word_1_111' title='bbox 84 1113 183 1172; x_wconf 86' lang='lat' dir='ltr'><strong>posset</strong></span> <span class='ocrx_word' id='word_1_112' title='bbox 202 1123 256 1157; x_wconf 90' lang='lat' dir='ltr'><strong>nou</strong></span> <span class='ocrx_word' id='word_1_113' title='bbox 274 1106 336 1158; x_wconf 88' lang='lat' dir='ltr'><strong>sine</strong></span> <span class='ocrx_word' id='word_1_114' title='bbox 354 1122 458 1175; x_wconf 77' lang='lat' dir='ltr'><strong>magno</strong></span> <span class='ocrx_word' id='word_1_115' title='bbox 478 1106 541 1159; x_wconf 88' lang='lat' dir='ltr'><strong>lieri</strong></span> <span class='ocrx_word' id='word_1_116' title='bbox 560 1112 687 1175; x_wconf 85' lang='lat' dir='ltr'><strong>sumptu,</strong></span> <span class='ocrx_word' id='word_1_117' title='bbox 715 1115 744 1162; x_wconf 95' lang='lat' dir='ltr'><strong>et</strong></span> <span class='ocrx_word' id='word_1_118' title='bbox 761 1109 968 1177; x_wconf 68' lang='lat' dir='ltr'><strong>perspexissem</strong></span> <span class='ocrx_word' id='word_1_119' title='bbox 986 1126 1021 1161; x_wconf 84' lang='lat' dir='ltr'><strong>cx</strong></span> <span class='ocrx_word' id='word_1_120' title='bbox 1038 1108 1094 1161; x_wconf 88' lang='lat' dir='ltr'><strong>hac</strong></span> <span class='ocrx_word' id='word_1_121' title='bbox 1112 1108 1243 1163; x_wconf 83' lang='lat' dir='ltr'><strong>versione</strong></span> <span class='ocrx_word' id='word_1_122' title='bbox 1263 1128 1312 1163; x_wconf 93' lang='lat' dir='ltr'><strong>ne·</strong></span> 
     </span>
     <span class='ocr_line' id='line_1_13' title="bbox 84 1190 1313 1267; baseline 0.006 -25"><span class='ocrx_word' id='word_1_123' title='bbox 84 1208 140 1257; x_wconf 86' lang='lat' dir='ltr'><strong>que</strong></span> <span class='ocrx_word' id='word_1_124' title='bbox 165 1190 235 1244; x_wconf 87' lang='lat' dir='ltr'><strong>satis</strong></span> <span class='ocrx_word' id='word_1_125' title='bbox 261 1200 393 1244; x_wconf 84' lang='lat' dir='ltr'><strong>accurate</strong></span> <span class='ocrx_word' id='word_1_126' title='bbox 417 1208 507 1259; x_wconf 81' lang='lat' dir='ltr'><strong>neque</strong></span> <span class='ocrx_word' id='word_1_127' title='bbox 533 1207 566 1243; x_wconf 83' lang='lat' dir='ltr'><strong>er</strong></span> <span class='ocrx_word' id='word_1_128' title='bbox 588 1192 711 1260; x_wconf 89' lang='lat' dir='ltr'><strong>optimae</strong></span> <span class='ocrx_word' id='word_1_129' title='bbox 733 1200 817 1247; x_wconf 89' lang='lat' dir='ltr'><strong>uotae</strong></span> <span class='ocrx_word' id='word_1_130' title='bbox 841 1193 997 1262; x_wconf 81' lang='lat' dir='ltr'><strong>exemplari</strong></span> <span class='ocrx_word' id='word_1_131' title='bbox 1021 1194 1097 1247; x_wconf 79' lang='lat' dir='ltr'><strong>lucta</strong></span> <span class='ocrx_word' id='word_1_132' title='bbox 1119 1194 1313 1267; x_wconf 82' lang='lat' dir='ltr'><strong>nullam-iere</strong></span> 
     </span>
     <span class='ocr_line' id='line_1_14' title="bbox 85 1268 1313 1350; baseline 0.005 -23"><span class='ocrx_word' id='word_1_133' title='bbox 85 1276 243 1329; x_wconf 88' lang='lat' dir='ltr'><strong>redundare</strong></span> <span class='ocrx_word' id='word_1_134' title='bbox 261 1276 414 1329; x_wconf 74' lang='lat' dir='ltr'><strong>utilitatem</strong></span> <span class='ocrx_word' id='word_1_135' title='bbox 432 1277 465 1329; x_wconf 91' lang='lat' dir='ltr'><strong>ad</strong></span> <span class='ocrx_word' id='word_1_136' title='bbox 486 1276 572 1329; x_wconf 86' lang='lat' dir='ltr'><strong>rerba</strong></span> <span class='ocrx_word' id='word_1_137' title='bbox 589 1268 727 1331; x_wconf 84' lang='lat' dir='ltr'><strong>Macrobii</strong></span> <span class='ocrx_word' id='word_1_138' title='bbox 748 1278 933 1344; x_wconf 89' lang='lat' dir='ltr'><strong>emendenda,</strong></span> <span class='ocrx_word' id='word_1_139' title='bbox 952 1278 1025 1332; x_wconf 87' lang='lat' dir='ltr'><strong>illud</strong></span> <span class='ocrx_word' id='word_1_140' title='bbox 1043 1279 1194 1335; x_wconf 86' lang='lat' dir='ltr'><strong>consilinm</strong></span> <span class='ocrx_word' id='word_1_141' title='bbox 1211 1282 1313 1350; x_wconf 88' lang='lat' dir='ltr'><strong>abieci,</strong></span> 
     </span>
     <span class='ocr_line' id='line_1_15' title="bbox 86 1362 777 1429; baseline 0.003 -14"><span class='ocrx_word' id='word_1_142' title='bbox 86 1362 114 1415; x_wconf 89' lang='lat' dir='ltr'><strong>id</strong></span> <span class='ocrx_word' id='word_1_143' title='bbox 130 1362 203 1429; x_wconf 82' lang='lat' dir='ltr'><strong>quod</strong></span> <span class='ocrx_word' id='word_1_144' title='bbox 222 1378 275 1415; x_wconf 92' lang='lat' dir='ltr'><strong>nou</strong></span> <span class='ocrx_word' id='word_1_145' title='bbox 294 1378 395 1415; x_wconf 78' lang='lat' dir='ltr'><strong>vereor</strong></span> <span class='ocrx_word' id='word_1_146' title='bbox 414 1378 449 1413; x_wconf 93' lang='lat' dir='ltr'><strong>ue</strong></span> <span class='ocrx_word' id='word_1_147' title='bbox 466 1362 529 1429; x_wconf 84' lang='lat' dir='ltr'><strong>quis</strong></span> <span class='ocrx_word' id='word_1_148' title='bbox 548 1362 744 1429; x_wconf 87' lang='lat' dir='ltr'><strong>reprehendat</strong></span> <span class='ocrx_word' id='word_1_149' title='bbox 768 1390 777 1397; x_wconf 93' lang='lat'><em>·</em></span> 
     </span>
    </p>

    <p class='ocr_par' dir='ltr' id='par_1_3' title="bbox 155 1445 1312 1518">
     <span class='ocr_line' id='line_1_16' title="bbox 155 1445 1312 1518; baseline 0.005 -21"><span class='ocrx_word' id='word_1_150' title='bbox 155 1445 358 1500; x_wconf 85' lang='lat' dir='ltr'><strong>Bruclrerus</strong></span> <span class='ocrx_word' id='word_1_151' title='bbox 376 1447 405 1499; x_wconf 89' lang='lat' dir='ltr'><strong>iu</strong></span> <span class='ocrx_word' id='word_1_152' title='bbox 421 1446 550 1499; x_wconf 77' lang='lat' dir='ltr'><strong>Historia</strong></span> <span class='ocrx_word' id='word_1_153' title='bbox 567 1446 631 1499; x_wconf 87' lang='lat' dir='ltr'><strong>crit.</strong></span> <span class='ocrx_word' id='word_1_154' title='bbox 648 1448 849 1518; x_wconf 81' lang='lat' dir='ltr'><strong>philosophiae</strong></span> <span class='ocrx_word' id='word_1_155' title='bbox 867 1455 934 1503; x_wconf 90' lang='lat' dir='ltr'><strong>tom.</strong></span> <span class='ocrx_word' id='word_1_156' title='bbox 952 1448 1003 1502; x_wconf 85' lang='lat' dir='ltr'><strong>lll.</strong></span> <span class='ocrx_word' id='word_1_157' title='bbox 1023 1466 1089 1518; x_wconf 82' lang='lat' dir='ltr'><strong>pag·</strong></span> <span class='ocrx_word' id='word_1_158' title='bbox 1105 1456 1165 1505; x_wconf 72' lang='lat' dir='ltr'><strong>eet.</strong></span> <span class='ocrx_word' id='word_1_159' title='bbox 1202 1450 1312 1503; x_wconf 79' lang='lat' dir='ltr'><strong>Macro-</strong></span> 
     </span>
    </p>
   </div>
   <div class='ocr_carea' id='block_1_3' title="bbox 85 1530 1397 1602">
    <p class='ocr_par' dir='ltr' id='par_1_4' title="bbox 85 1530 1397 1602">
     <span class='ocr_line' id='line_1_17' title="bbox 85 1530 1397 1602; baseline 0.006 -19"><span class='ocrx_word' id='word_1_160' title='bbox 85 1530 165 1583; x_wconf 86' lang='lat' dir='ltr'><strong>bium</strong></span> <span class='ocrx_word' id='word_1_161' title='bbox 190 1532 316 1585; x_wconf 84' lang='lat' dir='ltr'><strong>nominat</strong></span> <span class='ocrx_word' id='word_1_162' title='bbox 339 1530 414 1583; x_wconf 88' lang='lat' dir='ltr'><strong>iuter</strong></span> <span class='ocrx_word' id='word_1_163' title='bbox 436 1546 485 1583; x_wconf 89' lang='lat' dir='ltr'><strong>eos</strong></span> <span class='ocrx_word' id='word_1_164' title='bbox 510 1532 665 1599; x_wconf 77' lang='lat' dir='ltr'><strong>scriptores</strong></span> <span class='ocrx_word' id='word_1_165' title='bbox 684 1535 785 1599; x_wconf 84' lang='lat' dir='ltr'><strong>quibus</strong></span> <span class='ocrx_word' id='word_1_166' title='bbox 807 1539 949 1602; x_wconf 80' lang='lat' dir='ltr'><strong>tamqnam</strong></span> <span class='ocrx_word' id='word_1_167' title='bbox 968 1535 1098 1587; x_wconf 90' lang='lat' dir='ltr'><strong>classicis</strong></span> <span class='ocrx_word' id='word_1_168' title='bbox 1117 1534 1162 1589; x_wconf 87' lang='lat' dir='ltr'><strong>usi</strong></span> <span class='ocrx_word' id='word_1_169' title='bbox 1179 1533 1237 1587; x_wconf 82' lang='lat' dir='ltr'><strong>siut</strong></span> <span class='ocrx_word' id='word_1_170' title='bbox 1254 1550 1314 1585; x_wconf 90' lang='lat' dir='ltr'><strong>nse-</strong></span> <span class='ocrx_word' id='word_1_171' title='bbox 1387 1578 1397 1591; x_wconf 87' lang='lat'><strong>.</strong></span> 
     </span>
    </p>
   </div>
   <div class='ocr_carea' id='block_1_4' title="bbox 82 1615 1330 4592">
    <p class='ocr_par' dir='ltr' id='par_1_5' title="bbox 82 1615 1318 3045">
     <span class='ocr_line' id='line_1_18' title="bbox 86 1615 1315 1686; baseline 0.002 -19"><span class='ocrx_word' id='word_1_172' title='bbox 86 1616 128 1668; x_wconf 88' lang='lat' dir='ltr'><strong>dii</strong></span> <span class='ocrx_word' id='word_1_173' title='bbox 153 1615 216 1669; x_wconf 87' lang='lat' dir='ltr'><strong>neri</strong></span> <span class='ocrx_word' id='word_1_174' title='bbox 239 1616 384 1680; x_wconf 89' lang='lat' dir='ltr'><strong>homiues,</strong></span> <span class='ocrx_word' id='word_1_175' title='bbox 412 1615 535 1683; x_wconf 84' lang='lat' dir='ltr'><strong>dicitque</strong></span> <span class='ocrx_word' id='word_1_176' title='bbox 558 1617 620 1669; x_wconf 89' lang='lat' dir='ltr'><strong>eius</strong></span> <span class='ocrx_word' id='word_1_177' title='bbox 643 1618 873 1685; x_wconf 86' lang='lat' dir='ltr'><strong>perspicuitatem</strong></span> <span class='ocrx_word' id='word_1_178' title='bbox 897 1620 1001 1672; x_wconf 85' lang='lat' dir='ltr'><strong>iecisse</strong></span> <span class='ocrx_word' id='word_1_179' title='bbox 1022 1625 1055 1671; x_wconf 89' lang='lat' dir='ltr'><strong>ut</strong></span> <span class='ocrx_word' id='word_1_180' title='bbox 1074 1619 1137 1671; x_wconf 87' lang='lat' dir='ltr'><strong>illis</strong></span> <span class='ocrx_word' id='word_1_181' title='bbox 1158 1620 1206 1686; x_wconf 82' lang='lat' dir='ltr'><strong>qui</strong></span> <span class='ocrx_word' id='word_1_182' title='bbox 1229 1619 1315 1685; x_wconf 89' lang='lat' dir='ltr'><strong>paulo</strong></span> 
     </span>
     <span class='ocr_line' id='line_1_19' title="bbox 85 1690 1316 1777; baseline 0 -24"><span class='ocrx_word' id='word_1_183' title='bbox 85 1702 193 1755; x_wconf 88' lang='lat' dir='ltr'><strong>melius</strong></span> <span class='ocrx_word' id='word_1_184' title='bbox 211 1706 343 1777; x_wconf 84' lang='lat' dir='ltr'><strong>saperent</strong></span> <span class='ocrx_word' id='word_1_185' title='bbox 359 1715 531 1769; x_wconf 76' lang='lat' dir='ltr'><strong>magnopere</strong></span> <span class='ocrx_word' id='word_1_186' title='bbox 548 1690 724 1770; x_wconf 79' lang='lat' dir='ltr'><strong>preberetur.</strong></span> <span class='ocrx_word' id='word_1_187' title='bbox 759 1704 791 1755; x_wconf 89' lang='lat' dir='ltr'><strong>lu</strong></span> <span class='ocrx_word' id='word_1_188' title='bbox 810 1703 948 1771; x_wconf 82' lang='lat' dir='ltr'><strong>exemplis</strong></span> <span class='ocrx_word' id='word_1_189' title='bbox 965 1717 1037 1770; x_wconf 79' lang='lat' dir='ltr'><strong>quas</strong></span> <span class='ocrx_word' id='word_1_190' title='bbox 1053 1703 1162 1769; x_wconf 85' lang='lat' dir='ltr'><strong>prolert</strong></span> <span class='ocrx_word' id='word_1_191' title='bbox 1178 1704 1233 1754; x_wconf 92' lang='lat' dir='ltr'><strong>duo</strong></span> <span class='ocrx_word' id='word_1_192' title='bbox 1250 1707 1316 1755; x_wconf 89' lang='lat' dir='ltr'><strong>sunt</strong></span> 
     </span>
     <span class='ocr_line' id='line_1_20' title="bbox 82 1783 1314 1856; baseline 0.001 -18"><span class='ocrx_word' id='word_1_193' title='bbox 82 1803 162 1855; x_wconf 86' lang='lat' dir='ltr'><strong>quae</strong></span> <span class='ocrx_word' id='word_1_194' title='bbox 184 1786 344 1854; x_wconf 89' lang='lat' dir='ltr'><strong>pertineant</strong></span> <span class='ocrx_word' id='word_1_195' title='bbox 368 1785 402 1838; x_wconf 89' lang='lat' dir='ltr'><strong>ad</strong></span> <span class='ocrx_word' id='word_1_196' title='bbox 427 1783 481 1838; x_wconf 88' lang='lat' dir='ltr'><strong>hus</strong></span> <span class='ocrx_word' id='word_1_197' title='bbox 503 1786 740 1851; x_wconf 82' lang='lat' dir='ltr'><strong>Commentarios,</strong></span> <span class='ocrx_word' id='word_1_198' title='bbox 763 1805 861 1852; x_wconf 84' lang='lat' dir='ltr'><strong>uuum,</strong></span> <span class='ocrx_word' id='word_1_199' title='bbox 892 1789 965 1856; x_wconf 80' lang='lat' dir='ltr'><strong>quod</strong></span> <span class='ocrx_word' id='word_1_200' title='bbox 984 1788 1141 1841; x_wconf 78' lang='lat' dir='ltr'><strong>Elbodus</strong></span> <span class='ocrx_word' id='word_1_201' title='bbox 1165 1786 1314 1854; x_wconf 89' lang='lat' dir='ltr'><strong>spiscopus</strong></span> 
     </span>
     <span class='ocr_line' id='line_1_21' title="bbox 84 1871 1314 1941; baseline 0.002 -18"><span class='ocrx_word' id='word_1_202' title='bbox 84 1871 288 1941; x_wconf 79' lang='lat' dir='ltr'><strong>wibergensis</strong></span> <span class='ocrx_word' id='word_1_203' title='bbox 300 1872 341 1923; x_wconf 87' lang='lat' dir='ltr'><strong>de</strong></span> <span class='ocrx_word' id='word_1_204' title='bbox 356 1872 540 1940; x_wconf 78' lang='lat' dir='ltr'><strong>geometricis</strong></span> <span class='ocrx_word' id='word_1_205' title='bbox 559 1874 703 1926; x_wconf 80' lang='lat' dir='ltr'><strong>nonnuliis</strong></span> <span class='ocrx_word' id='word_1_206' title='bbox 721 1873 750 1925; x_wconf 90' lang='lat' dir='ltr'><strong>iu</strong></span> <span class='ocrx_word' id='word_1_207' title='bbox 767 1873 943 1927; x_wconf 76' lang='lat' dir='ltr'><strong>Macrobium</strong></span> <span class='ocrx_word' id='word_1_208' title='bbox 959 1878 1163 1926; x_wconf 88' lang='lat' dir='ltr'><strong>commentatus</strong></span> <span class='ocrx_word' id='word_1_209' title='bbox 1187 1871 1241 1938; x_wconf 88' lang='lat' dir='ltr'><strong>sit,</strong></span> <span class='ocrx_word' id='word_1_210' title='bbox 1270 1874 1314 1925; x_wconf 89' lang='lat' dir='ltr'><strong>al·</strong></span> 
     </span>
     <span class='ocr_line' id='line_1_22' title="bbox 85 1958 1313 2027; baseline -0.004 -14"><span class='ocrx_word' id='word_1_211' title='bbox 85 1964 195 2022; x_wconf 81' lang='lat' dir='ltr'><strong>terum,</strong></span> <span class='ocrx_word' id='word_1_212' title='bbox 222 1958 295 2025; x_wconf 84' lang='lat' dir='ltr'><strong>quod</strong></span> <span class='ocrx_word' id='word_1_213' title='bbox 315 1973 400 2025; x_wconf 86' lang='lat' dir='ltr'><strong>saepe</strong></span> <span class='ocrx_word' id='word_1_214' title='bbox 424 1958 460 2009; x_wconf 94' lang='lat' dir='ltr'><strong>ad</strong></span> <span class='ocrx_word' id='word_1_215' title='bbox 482 1958 658 2012; x_wconf 86' lang='lat' dir='ltr'><strong>Macrobiune</strong></span> <span class='ocrx_word' id='word_1_216' title='bbox 674 1965 809 2026; x_wconf 82' lang='lat' dir='ltr'><strong>provocet</strong></span> <span class='ocrx_word' id='word_1_217' title='bbox 827 1958 1012 2011; x_wconf 85' lang='lat' dir='ltr'><strong>Honorius</strong></span> <span class='ocrx_word' id='word_1_218' title='bbox 1029 1958 1313 2027; x_wconf 73' lang='lat' dir='ltr'><strong>Augustorum-</strong></span> 
     </span>
     <span class='ocr_line' id='line_1_23' title="bbox 86 2042 1313 2112; baseline -0.002 -17"><span class='ocrx_word' id='word_1_219' title='bbox 86 2043 136 2096; x_wconf 90' lang='lat' dir='ltr'><strong>sis</strong></span> <span class='ocrx_word' id='word_1_220' title='bbox 152 2042 179 2095; x_wconf 92' lang='lat' dir='ltr'><strong>iu</strong></span> <span class='ocrx_word' id='word_1_221' title='bbox 197 2042 279 2096; x_wconf 88' lang='lat' dir='ltr'><strong>libris</strong></span> <span class='ocrx_word' id='word_1_222' title='bbox 296 2043 331 2096; x_wconf 89' lang='lat' dir='ltr'><strong>do</strong></span> <span class='ocrx_word' id='word_1_223' title='bbox 348 2042 532 2111; x_wconf 84' lang='lat' dir='ltr'><strong>philosophia</strong></span> <span class='ocrx_word' id='word_1_224' title='bbox 551 2043 658 2110; x_wconf 89' lang='lat' dir='ltr'><strong>mundi,</strong></span> <span class='ocrx_word' id='word_1_225' title='bbox 675 2043 778 2112; x_wconf 85' lang='lat' dir='ltr'><strong>quibus</strong></span> <span class='ocrx_word' id='word_1_226' title='bbox 796 2044 826 2097; x_wconf 88' lang='lat' dir='ltr'><strong>iu</strong></span> <span class='ocrx_word' id='word_1_227' title='bbox 836 2043 961 2097; x_wconf 83' lang='lat' dir='ltr'><strong>Fabricii</strong></span> <span class='ocrx_word' id='word_1_228' title='bbox 973 2044 1155 2098; x_wconf 78' lang='lat' dir='ltr'><strong>Bibliotheca</strong></span> <span class='ocrx_word' id='word_1_229' title='bbox 1172 2042 1232 2094; x_wconf 80' lang='lat' dir='ltr'><strong>but.</strong></span> <span class='ocrx_word' id='word_1_230' title='bbox 1247 2048 1313 2095; x_wconf 86' lang='lat' dir='ltr'><strong>tom.</strong></span> 
     </span>
     <span class='ocr_line' id='line_1_24' title="bbox 85 2127 1314 2197; baseline -0.001 -16"><span class='ocrx_word' id='word_1_231' title='bbox 85 2127 140 2181; x_wconf 89' lang='grc'><strong>111.</strong></span> <span class='ocrx_word' id='word_1_232' title='bbox 153 2143 221 2197; x_wconf 79' lang='lat' dir='ltr'><strong>pug.</strong></span> <span class='ocrx_word' id='word_1_233' title='bbox 237 2133 297 2181; x_wconf 80' lang='grc'><strong>180.</strong></span> <span class='ocrx_word' id='word_1_234' title='bbox 316 2128 430 2181; x_wconf 88' lang='lat' dir='ltr'><strong>additur</strong></span> <span class='ocrx_word' id='word_1_235' title='bbox 447 2130 573 2181; x_wconf 88' lang='lat' dir='ltr'><strong>eiusdem</strong></span> <span class='ocrx_word' id='word_1_236' title='bbox 592 2130 665 2182; x_wconf 89' lang='lat' dir='ltr'><strong>liber</strong></span> <span class='ocrx_word' id='word_1_237' title='bbox 678 2130 712 2183; x_wconf 92' lang='lat' dir='ltr'><strong>ds</strong></span> <span class='ocrx_word' id='word_1_238' title='bbox 730 2131 802 2183; x_wconf 87' lang='lat' dir='ltr'><strong>solis</strong></span> <span class='ocrx_word' id='word_1_239' title='bbox 819 2130 981 2183; x_wconf 74' lang='lat' dir='ltr'><strong>affectibus.</strong></span> <span class='ocrx_word' id='word_1_240' title='bbox 1014 2129 1123 2182; x_wconf 80' lang='lat' dir='ltr'><strong>ibidem</strong></span> <span class='ocrx_word' id='word_1_241' title='bbox 1139 2128 1314 2181; x_wconf 83' lang='lat' dir='ltr'><strong>biserobium</strong></span> 
     </span>
     <span class='ocr_line' id='line_1_25' title="bbox 88 2210 1314 2285; baseline 0.001 -22"><span class='ocrx_word' id='word_1_242' title='bbox 88 2210 283 2266; x_wconf 84' lang='lat' dir='ltr'><strong>Theodosium</strong></span> <span class='ocrx_word' id='word_1_243' title='bbox 310 2220 411 2267; x_wconf 88' lang='lat' dir='ltr'><strong>testem</strong></span> <span class='ocrx_word' id='word_1_244' title='bbox 439 2214 543 2267; x_wconf 89' lang='lat' dir='ltr'><strong>citasse</strong></span> <span class='ocrx_word' id='word_1_245' title='bbox 565 2214 670 2269; x_wconf 89' lang='lat' dir='ltr'><strong>dicitur</strong></span> <span class='ocrx_word' id='word_1_246' title='bbox 696 2216 899 2269; x_wconf 78' lang='lat' dir='ltr'><strong>Zacharias</strong></span> <span class='ocrx_word' id='word_1_247' title='bbox 925 2213 1253 2285; x_wconf 77' lang='lat' dir='ltr'><strong>chrysopolitanus</strong></span> <span class='ocrx_word' id='word_1_248' title='bbox 1278 2212 1314 2264; x_wconf 84' lang='lat' dir='ltr'><strong>T.</strong></span> 
     </span>
     <span class='ocr_line' id='line_1_26' title="bbox 87 2298 1315 2368; baseline 0 -19"><span class='ocrx_word' id='word_1_249' title='bbox 87 2298 163 2351; x_wconf 78' lang='lat' dir='ltr'><strong>xlii.</strong></span> <span class='ocrx_word' id='word_1_250' title='bbox 198 2298 274 2352; x_wconf 87' lang='lat' dir='ltr'><strong>Bibl.</strong></span> <span class='ocrx_word' id='word_1_251' title='bbox 291 2301 367 2353; x_wconf 89' lang='lat' dir='ltr'><strong>Patr.</strong></span> <span class='ocrx_word' id='word_1_252' title='bbox 388 2299 431 2353; x_wconf 89' lang='lat' dir='ltr'><strong>ed.</strong></span> <span class='ocrx_word' id='word_1_253' title='bbox 449 2300 540 2368; x_wconf 74' lang='lat' dir='ltr'><strong>Lego.</strong></span> <span class='ocrx_word' id='word_1_254' title='bbox 560 2318 588 2368; x_wconf 94' lang='lat' dir='ltr'><strong>p.</strong></span> <span class='ocrx_word' id='word_1_255' title='bbox 609 2305 670 2354; x_wconf 78' lang='lat'><strong>859.</strong></span> <span class='ocrx_word' id='word_1_256' title='bbox 704 2302 800 2355; x_wconf 86' lang='lat' dir='ltr'><strong>Pauca</strong></span> <span class='ocrx_word' id='word_1_257' title='bbox 822 2302 858 2353; x_wconf 91' lang='lat' dir='ltr'><strong>de</strong></span> <span class='ocrx_word' id='word_1_258' title='bbox 884 2303 938 2353; x_wconf 88' lang='lat' dir='ltr'><strong>hoe</strong></span> <span class='ocrx_word' id='word_1_259' title='bbox 964 2317 1050 2367; x_wconf 87' lang='lat' dir='ltr'><strong>opere</strong></span> <span class='ocrx_word' id='word_1_260' title='bbox 1070 2299 1191 2367; x_wconf 84' lang='lat' dir='ltr'><strong>sumpsit</strong></span> <span class='ocrx_word' id='word_1_261' title='bbox 1215 2298 1315 2349; x_wconf 86' lang='lat' dir='ltr'><strong>loeu-</strong></span> 
     </span>
     <span class='ocr_line' id='line_1_27' title="bbox 88 2381 1315 2454; baseline -0.002 -17"><span class='ocrx_word' id='word_1_262' title='bbox 88 2401 150 2437; x_wconf 89' lang='lat' dir='ltr'><strong>ues</strong></span> <span class='ocrx_word' id='word_1_263' title='bbox 162 2382 455 2438; x_wconf 77' lang='lat' dir='ltr'><strong>saresberiensis</strong></span> <span class='ocrx_word' id='word_1_264' title='bbox 470 2384 530 2453; x_wconf 89' lang='lat' dir='ltr'><strong>(qui</strong></span> <span class='ocrx_word' id='word_1_265' title='bbox 546 2394 675 2439; x_wconf 87' lang='lat' dir='ltr'><strong>mortuus</strong></span> <span class='ocrx_word' id='word_1_266' title='bbox 690 2402 754 2438; x_wconf 92' lang='lat' dir='ltr'><strong>esse</strong></span> <span class='ocrx_word' id='word_1_267' title='bbox 769 2386 875 2439; x_wconf 84' lang='lat' dir='ltr'><strong>dicitur</strong></span> <span class='ocrx_word' id='word_1_268' title='bbox 888 2405 913 2454; x_wconf 90' lang='lat' dir='ltr'><strong>p.</strong></span> <span class='ocrx_word' id='word_1_269' title='bbox 925 2386 994 2437; x_wconf 73' lang='lat' dir='ltr'><strong>cur.</strong></span> <span class='ocrx_word' id='word_1_270' title='bbox 1011 2402 1038 2437; x_wconf 94' lang='lat' dir='ltr'><strong>n.</strong></span> <span class='ocrx_word' id='word_1_271' title='bbox 1054 2400 1126 2437; x_wconf 90' lang='lat' dir='ltr'><strong>auno</strong></span> <span class='ocrx_word' id='word_1_272' title='bbox 1140 2381 1315 2449; x_wconf 72' lang='lat' dir='ltr'><strong>bleXXX.)</strong></span> 
     </span>
     <span class='ocr_line' id='line_1_28' title="bbox 88 2466 1315 2538; baseline -0.002 -16"><span class='ocrx_word' id='word_1_273' title='bbox 88 2470 117 2522; x_wconf 90' lang='lat' dir='ltr'><strong>in</strong></span> <span class='ocrx_word' id='word_1_274' title='bbox 136 2469 325 2535; x_wconf 89' lang='lat' dir='ltr'><strong>Polierotieo,</strong></span> <span class='ocrx_word' id='word_1_275' title='bbox 354 2471 406 2524; x_wconf 85' lang='lat' dir='ltr'><strong>lib.</strong></span> <span class='ocrx_word' id='word_1_276' title='bbox 425 2470 462 2522; x_wconf 91' lang='lat' dir='ltr'><strong>ll.</strong></span> <span class='ocrx_word' id='word_1_277' title='bbox 484 2485 564 2536; x_wconf 90' lang='lat' dir='ltr'><strong>capp.</strong></span> <span class='ocrx_word' id='word_1_278' title='bbox 586 2472 618 2521; x_wconf 84' lang='lat'><strong>14</strong></span> <span class='ocrx_word' id='word_1_279' title='bbox 636 2476 665 2523; x_wconf 92' lang='lat' dir='ltr'><strong>et</strong></span> <span class='ocrx_word' id='word_1_280' title='bbox 684 2474 732 2533; x_wconf 76' lang='lat'><strong>15,</strong></span> <span class='ocrx_word' id='word_1_281' title='bbox 760 2470 810 2521; x_wconf 91' lang='lat' dir='ltr'><strong>ubi</strong></span> <span class='ocrx_word' id='word_1_282' title='bbox 827 2486 899 2538; x_wconf 84' lang='lat' dir='ltr'><strong>quae</strong></span> <span class='ocrx_word' id='word_1_283' title='bbox 915 2469 1079 2523; x_wconf 85' lang='lat' dir='ltr'><strong>biaerobius</strong></span> <span class='ocrx_word' id='word_1_284' title='bbox 1096 2466 1149 2519; x_wconf 90' lang='lat' dir='ltr'><strong>lib.</strong></span> <span class='ocrx_word' id='word_1_285' title='bbox 1167 2468 1190 2519; x_wconf 92' lang='lat' dir='ltr'><strong>l.</strong></span> <span class='ocrx_word' id='word_1_286' title='bbox 1209 2483 1271 2534; x_wconf 91' lang='lat' dir='ltr'><strong>cup.</strong></span> <span class='ocrx_word' id='word_1_287' title='bbox 1289 2470 1315 2520; x_wconf 76' lang='grc'><strong>1.</strong></span> 
     </span>
     <span class='ocr_line' id='line_1_29' title="bbox 89 2552 1317 2622; baseline -0.001 -16"><span class='ocrx_word' id='word_1_288' title='bbox 89 2554 224 2607; x_wconf 85' lang='lat' dir='ltr'><strong>disseruit</strong></span> <span class='ocrx_word' id='word_1_289' title='bbox 243 2555 278 2608; x_wconf 89' lang='lat' dir='ltr'><strong>de</strong></span> <span class='ocrx_word' id='word_1_290' title='bbox 297 2556 469 2607; x_wconf 88' lang='lat' dir='ltr'><strong>somniorum</strong></span> <span class='ocrx_word' id='word_1_291' title='bbox 491 2553 644 2621; x_wconf 73' lang='lat' dir='ltr'><strong>generibus</strong></span> <span class='ocrx_word' id='word_1_292' title='bbox 668 2561 697 2605; x_wconf 87' lang='lat' dir='ltr'><strong>et</strong></span> <span class='ocrx_word' id='word_1_293' title='bbox 720 2555 756 2607; x_wconf 89' lang='lat' dir='ltr'><strong>de</strong></span> <span class='ocrx_word' id='word_1_294' title='bbox 774 2554 898 2622; x_wconf 78' lang='lat' dir='ltr'><strong>geminis</strong></span> <span class='ocrx_word' id='word_1_295' title='bbox 916 2553 1026 2607; x_wconf 86' lang='lat' dir='ltr'><strong>Samnii</strong></span> <span class='ocrx_word' id='word_1_296' title='bbox 1044 2552 1134 2621; x_wconf 86' lang='lat' dir='ltr'><strong>portis</strong></span> <span class='ocrx_word' id='word_1_297' title='bbox 1152 2554 1317 2621; x_wconf 77' lang='lat' dir='ltr'><strong>plerumque</strong></span> 
     </span>
     <span class='ocr_line' id='line_1_30' title="bbox 88 2638 1317 2706; baseline -0.001 -14"><span class='ocrx_word' id='word_1_298' title='bbox 88 2640 157 2693; x_wconf 89' lang='lat' dir='ltr'><strong>aliis</strong></span> <span class='ocrx_word' id='word_1_299' title='bbox 179 2641 335 2692; x_wconf 85' lang='lat' dir='ltr'><strong>redduntur</strong></span> <span class='ocrx_word' id='word_1_300' title='bbox 356 2638 461 2691; x_wconf 85' lang='lat' dir='ltr'><strong>verbis.</strong></span> <span class='ocrx_word' id='word_1_301' title='bbox 498 2638 624 2706; x_wconf 85' lang='lat' dir='ltr'><strong>Denique</strong></span> <span class='ocrx_word' id='word_1_302' title='bbox 646 2639 843 2691; x_wconf 89' lang='lat' dir='ltr'><strong>memorandus</strong></span> <span class='ocrx_word' id='word_1_303' title='bbox 867 2647 912 2692; x_wconf 89' lang='lat' dir='ltr'><strong>est</strong></span> <span class='ocrx_word' id='word_1_304' title='bbox 930 2638 1136 2693; x_wconf 82' lang='lat' dir='ltr'><strong>Vincentius</strong></span> <span class='ocrx_word' id='word_1_305' title='bbox 1153 2638 1317 2692; x_wconf 81' lang='lat' dir='ltr'><strong>Bellova-</strong></span> 
     </span>
     <span class='ocr_line' id='line_1_31' title="bbox 88 2723 1317 2795; baseline -0.002 -16"><span class='ocrx_word' id='word_1_306' title='bbox 88 2724 223 2789; x_wconf 88' lang='lat' dir='ltr'><strong>ceneis,</strong></span> <span class='ocrx_word' id='word_1_307' title='bbox 250 2725 299 2793; x_wconf 81' lang='lat' dir='ltr'><strong>qni</strong></span> <span class='ocrx_word' id='word_1_308' title='bbox 325 2723 402 2776; x_wconf 81' lang='grc'><strong>11111.</strong></span> <span class='ocrx_word' id='word_1_309' title='bbox 430 2742 458 2791; x_wconf 85' lang='lat' dir='ltr'><strong>p·</strong></span> <span class='ocrx_word' id='word_1_310' title='bbox 483 2723 534 2775; x_wconf 82' lang='lat' dir='ltr'><strong>Ch.</strong></span> <span class='ocrx_word' id='word_1_311' title='bbox 564 2741 589 2775; x_wconf 93' lang='lat' dir='ltr'><strong>n.</strong></span> <span class='ocrx_word' id='word_1_312' title='bbox 617 2723 713 2776; x_wconf 89' lang='lat' dir='ltr'><strong>seculo</strong></span> <span class='ocrx_word' id='word_1_313' title='bbox 738 2724 896 2790; x_wconf 89' lang='lat' dir='ltr'><strong>composuit</strong></span> <span class='ocrx_word' id='word_1_314' title='bbox 914 2741 1046 2795; x_wconf 75' lang='lat' dir='ltr'><strong>maguum</strong></span> <span class='ocrx_word' id='word_1_315' title='bbox 1069 2741 1140 2792; x_wconf 91' lang='lat' dir='ltr'><strong>opus</strong></span> <span class='ocrx_word' id='word_1_316' title='bbox 1161 2723 1197 2777; x_wconf 88' lang='lat' dir='ltr'><strong>sd</strong></span> <span class='ocrx_word' id='word_1_317' title='bbox 1220 2740 1317 2777; x_wconf 87' lang='lat' dir='ltr'><strong>omues</strong></span> 
     </span>
     <span class='ocr_line' id='line_1_32' title="bbox 87 2809 1318 2878; baseline -0.002 -14"><span class='ocrx_word' id='word_1_318' title='bbox 87 2810 259 2878; x_wconf 88' lang='lat' dir='ltr'><strong>disciplinas</strong></span> <span class='ocrx_word' id='word_1_319' title='bbox 279 2809 432 2877; x_wconf 89' lang='lat' dir='ltr'><strong>pertinens,</strong></span> <span class='ocrx_word' id='word_1_320' title='bbox 452 2811 523 2877; x_wconf 82' lang='lat' dir='ltr'><strong>quod</strong></span> <span class='ocrx_word' id='word_1_321' title='bbox 543 2809 691 2877; x_wconf 85' lang='lat' dir='ltr'><strong>inscripsit</strong></span> <span class='ocrx_word' id='word_1_322' title='bbox 707 2809 895 2877; x_wconf 87' lang='lat' dir='ltr'><strong>Speculum</strong></span> <span class='ocrx_word' id='word_1_323' title='bbox 914 2812 1036 2874; x_wconf 88' lang='lat' dir='ltr'><strong>maius,</strong></span> <span class='ocrx_word' id='word_1_324' title='bbox 1056 2816 1139 2876; x_wconf 84' lang='lat' dir='ltr'><strong>atque</strong></span> <span class='ocrx_word' id='word_1_325' title='bbox 1155 2810 1185 2867; x_wconf 86' lang='lat' dir='ltr'><strong>iu</strong></span> <span class='ocrx_word' id='word_1_326' title='bbox 1202 2809 1257 2861; x_wconf 85' lang='lat' dir='ltr'><strong>boc</strong></span> <span class='ocrx_word' id='word_1_327' title='bbox 1273 2810 1318 2861; x_wconf 89' lang='lat' dir='ltr'><strong>iu·</strong></span> 
     </span>
     <span class='ocr_line' id='line_1_33' title="bbox 87 2888 1318 2962; baseline -0.002 -13"><span class='ocrx_word' id='word_1_328' title='bbox 87 2896 182 2949; x_wconf 90' lang='lat' dir='ltr'><strong>sersit</strong></span> <span class='ocrx_word' id='word_1_329' title='bbox 200 2896 288 2949; x_wconf 90' lang='lat' dir='ltr'><strong>multe</strong></span> <span class='ocrx_word' id='word_1_330' title='bbox 307 2913 340 2947; x_wconf 84' lang='lat' dir='ltr'><strong>er</strong></span> <span class='ocrx_word' id='word_1_331' title='bbox 359 2896 407 2948; x_wconf 85' lang='lat' dir='ltr'><strong>leis</strong></span> <span class='ocrx_word' id='word_1_332' title='bbox 423 2894 642 2949; x_wconf 80' lang='lat' dir='ltr'><strong>Commentariis</strong></span> <span class='ocrx_word' id='word_1_333' title='bbox 661 2900 809 2962; x_wconf 84' lang='lat' dir='ltr'><strong>excerpta,</strong></span> <span class='ocrx_word' id='word_1_334' title='bbox 838 2896 880 2947; x_wconf 85' lang='lat' dir='ltr'><strong>its</strong></span> <span class='ocrx_word' id='word_1_335' title='bbox 898 2902 992 2949; x_wconf 87' lang='lat' dir='ltr'><strong>tamen</strong></span> <span class='ocrx_word' id='word_1_336' title='bbox 1009 2895 1179 2957; x_wconf 86' lang='lat' dir='ltr'><strong>dilacerata,</strong></span> <span class='ocrx_word' id='word_1_337' title='bbox 1208 2888 1318 2949; x_wconf 78' lang='lat' dir='ltr'><strong>ue&#39;nts-</strong></span> 
     </span>
     <span class='ocr_line' id='line_1_34' title="bbox 89 2978 1132 3045; baseline -0.003 -12"><span class='ocrx_word' id='word_1_338' title='bbox 89 2980 181 3035; x_wconf 88' lang='lat' dir='ltr'><strong>crobii</strong></span> <span class='ocrx_word' id='word_1_339' title='bbox 200 2982 287 3033; x_wconf 82' lang='lat' dir='ltr'><strong>rerba</strong></span> <span class='ocrx_word' id='word_1_340' title='bbox 304 2980 498 3033; x_wconf 77' lang='lat' dir='ltr'><strong>emendantem</strong></span> <span class='ocrx_word' id='word_1_341' title='bbox 519 2978 592 3032; x_wconf 88' lang='lat' dir='ltr'><strong>nihil</strong></span> <span class='ocrx_word' id='word_1_342' title='bbox 611 2980 715 3034; x_wconf 83' lang='lat' dir='ltr'><strong>iurent.</strong></span> <span class='ocrx_word' id='word_1_343' title='bbox 750 2983 792 3033; x_wconf 85' lang='lat' dir='ltr'><strong>De</strong></span> <span class='ocrx_word' id='word_1_344' title='bbox 810 2980 930 3034; x_wconf 87' lang='lat' dir='ltr'><strong>scholiis</strong></span> <span class='ocrx_word' id='word_1_345' title='bbox 948 2980 1005 3033; x_wconf 90' lang='lat' dir='ltr'><strong>rid.</strong></span> <span class='ocrx_word' id='word_1_346' title='bbox 1024 2995 1086 3045; x_wconf 89' lang='lat' dir='ltr'><strong>cap.</strong></span> <span class='ocrx_word' id='word_1_347' title='bbox 1100 2978 1132 3030; x_wconf 82' lang='lat' dir='ltr'><strong>V.</strong></span> 
     </span>
    </p>

    <p class='ocr_par' dir='ltr' id='par_1_6' title="bbox 87 3064 1318 3566">
     <span class='ocr_line' id='line_1_35' title="bbox 158 3064 1318 3133; baseline 0.002 -16"><span class='ocrx_word' id='word_1_348' title='bbox 158 3064 196 3117; x_wconf 90' lang='grc'><strong>11.</strong></span> <span class='ocrx_word' id='word_1_349' title='bbox 231 3064 346 3118; x_wconf 80' lang='lat' dir='ltr'><strong>Librum</strong></span> <span class='ocrx_word' id='word_1_350' title='bbox 375 3066 412 3118; x_wconf 79' lang='lat' dir='ltr'><strong>de</strong></span> <span class='ocrx_word' id='word_1_351' title='bbox 439 3065 656 3131; x_wconf 79' lang='lat' dir='ltr'><strong>differentiis</strong></span> <span class='ocrx_word' id='word_1_352' title='bbox 681 3074 712 3121; x_wconf 87' lang='lat' dir='ltr'><strong>et</strong></span> <span class='ocrx_word' id='word_1_353' title='bbox 739 3066 964 3120; x_wconf 80' lang='lat' dir='ltr'><strong>societatibus</strong></span> <span class='ocrx_word' id='word_1_354' title='bbox 987 3066 1111 3119; x_wconf 83' lang='lat' dir='ltr'><strong>(irasci</strong></span> <span class='ocrx_word' id='word_1_355' title='bbox 1134 3064 1318 3133; x_wconf 70' lang='lat' dir='ltr'><strong>Latinique</strong></span> 
     </span>
     <span class='ocr_line' id='line_1_36' title="bbox 87 3148 1318 3229; baseline -0.002 -25"><span class='ocrx_word' id='word_1_356' title='bbox 87 3152 181 3205; x_wconf 86' lang='lat' dir='ltr'><strong>uerbi</strong></span> <span class='ocrx_word' id='word_1_357' title='bbox 204 3150 362 3229; x_wconf 81' lang='lat' dir='ltr'><strong>adhibitum</strong></span> <span class='ocrx_word' id='word_1_358' title='bbox 390 3167 453 3203; x_wconf 91' lang='lat' dir='ltr'><strong>esse</strong></span> <span class='ocrx_word' id='word_1_359' title='bbox 476 3151 510 3203; x_wconf 89' lang='lat' dir='ltr'><strong>ud</strong></span> <span class='ocrx_word' id='word_1_360' title='bbox 535 3152 688 3207; x_wconf 85' lang='lat' dir='ltr'><strong>doossdsm</strong></span> <span class='ocrx_word' id='word_1_361' title='bbox 709 3151 907 3206; x_wconf 86' lang='lat' dir='ltr'><strong>disceudsmre</strong></span> <span class='ocrx_word' id='word_1_362' title='bbox 928 3157 1077 3218; x_wconf 77' lang='lat' dir='ltr'><strong>utramque</strong></span> <span class='ocrx_word' id='word_1_363' title='bbox 1098 3148 1226 3217; x_wconf 76' lang='lat' dir='ltr'><strong>liugnam</strong></span> <span class='ocrx_word' id='word_1_364' title='bbox 1251 3150 1318 3204; x_wconf 88' lang='lat' dir='ltr'><strong>iude</strong></span> 
     </span>
     <span class='ocr_line' id='line_1_37' title="bbox 89 3234 1318 3306; baseline -0.001 -17"><span class='ocrx_word' id='word_1_365' title='bbox 89 3243 185 3305; x_wconf 90' lang='lat' dir='ltr'><strong>potest</strong></span> <span class='ocrx_word' id='word_1_366' title='bbox 202 3236 317 3303; x_wconf 78' lang='lat' dir='ltr'><strong>colligi,</strong></span> <span class='ocrx_word' id='word_1_367' title='bbox 344 3238 416 3304; x_wconf 88' lang='lat' dir='ltr'><strong>quod</strong></span> <span class='ocrx_word' id='word_1_368' title='bbox 435 3237 581 3303; x_wconf 88' lang='lat' dir='ltr'><strong>complura</strong></span> <span class='ocrx_word' id='word_1_369' title='bbox 600 3237 675 3290; x_wconf 90' lang='lat' dir='ltr'><strong>inter</strong></span> <span class='ocrx_word' id='word_1_370' title='bbox 692 3254 724 3291; x_wconf 89' lang='lat' dir='ltr'><strong>se</strong></span> <span class='ocrx_word' id='word_1_371' title='bbox 743 3238 856 3290; x_wconf 80' lang='lat' dir='ltr'><strong>diversa</strong></span> <span class='ocrx_word' id='word_1_372' title='bbox 872 3236 955 3290; x_wconf 91' lang='lat' dir='ltr'><strong>nobis</strong></span> <span class='ocrx_word' id='word_1_373' title='bbox 973 3234 1077 3289; x_wconf 90' lang='lat' dir='ltr'><strong>relicta</strong></span> <span class='ocrx_word' id='word_1_374' title='bbox 1094 3242 1160 3290; x_wconf 90' lang='lat' dir='ltr'><strong>sunt</strong></span> <span class='ocrx_word' id='word_1_375' title='bbox 1177 3243 1318 3306; x_wconf 82' lang='lat' dir='ltr'><strong>excerpts,</strong></span> 
     </span>
     <span class='ocr_line' id='line_1_38' title="bbox 88 3320 1318 3391; baseline -0.001 -16"><span class='ocrx_word' id='word_1_376' title='bbox 88 3338 163 3391; x_wconf 83' lang='lat' dir='ltr'><strong>quae</strong></span> <span class='ocrx_word' id='word_1_377' title='bbox 184 3322 464 3375; x_wconf 86' lang='lat' dir='ltr'><strong>commemoravimus</strong></span> <span class='ocrx_word' id='word_1_378' title='bbox 484 3338 570 3389; x_wconf 89' lang='lat' dir='ltr'><strong>supra</strong></span> <span class='ocrx_word' id='word_1_379' title='bbox 590 3337 651 3391; x_wconf 88' lang='lat' dir='ltr'><strong>cap.</strong></span> <span class='ocrx_word' id='word_1_380' title='bbox 672 3323 714 3387; x_wconf 91' lang='lat'><strong>11,</strong></span> <span class='ocrx_word' id='word_1_381' title='bbox 731 3323 775 3375; x_wconf 81' lang='lat' dir='ltr'><strong>ll:</strong></span> <span class='ocrx_word' id='word_1_382' title='bbox 807 3322 856 3375; x_wconf 88' lang='lat' dir='ltr'><strong>sed</strong></span> <span class='ocrx_word' id='word_1_383' title='bbox 874 3329 968 3375; x_wconf 89' lang='lat' dir='ltr'><strong>tamen</strong></span> <span class='ocrx_word' id='word_1_384' title='bbox 985 3338 1041 3374; x_wconf 94' lang='lat' dir='ltr'><strong>nou</strong></span> <span class='ocrx_word' id='word_1_385' title='bbox 1060 3320 1131 3374; x_wconf 87' lang='lat' dir='ltr'><strong>tanti</strong></span> <span class='ocrx_word' id='word_1_386' title='bbox 1150 3322 1318 3376; x_wconf 88' lang='lat' dir='ltr'><strong>aestimatus</strong></span> 
     </span>
     <span class='ocr_line' id='line_1_39' title="bbox 89 3405 1318 3480; baseline -0.002 -17"><span class='ocrx_word' id='word_1_387' title='bbox 89 3426 154 3463; x_wconf 90' lang='lat' dir='ltr'><strong>esse</strong></span> <span class='ocrx_word' id='word_1_388' title='bbox 173 3408 285 3460; x_wconf 85' lang='lat' dir='ltr'><strong>ridetur</strong></span> <span class='ocrx_word' id='word_1_389' title='bbox 304 3405 352 3480; x_wconf 77' lang='lat' dir='ltr'><strong>hic</strong></span> <span class='ocrx_word' id='word_1_390' title='bbox 369 3406 456 3470; x_wconf 83' lang='lat' dir='ltr'><strong>liber,</strong></span> <span class='ocrx_word' id='word_1_391' title='bbox 487 3412 519 3460; x_wconf 88' lang='lat' dir='ltr'><strong>ut</strong></span> <span class='ocrx_word' id='word_1_392' title='bbox 536 3408 649 3475; x_wconf 86' lang='lat' dir='ltr'><strong>saepius</strong></span> <span class='ocrx_word' id='word_1_393' title='bbox 668 3407 874 3463; x_wconf 85' lang='lat' dir='ltr'><strong>describeretur</strong></span> <span class='ocrx_word' id='word_1_394' title='bbox 895 3415 985 3473; x_wconf 79' lang='lat' dir='ltr'><strong>totus3</strong></span> <span class='ocrx_word' id='word_1_395' title='bbox 1015 3407 1127 3459; x_wconf 90' lang='lat' dir='ltr'><strong>nullum</strong></span> <span class='ocrx_word' id='word_1_396' title='bbox 1147 3406 1222 3459; x_wconf 91' lang='lat' dir='ltr'><strong>euim</strong></span> <span class='ocrx_word' id='word_1_397' title='bbox 1246 3407 1318 3461; x_wconf 89' lang='lat' dir='ltr'><strong>inte·</strong></span> 
     </span>
     <span class='ocr_line' id='line_1_40' title="bbox 89 3492 671 3566; baseline -0.003 -19"><span class='ocrx_word' id='word_1_398' title='bbox 89 3512 178 3566; x_wconf 78' lang='lat' dir='ltr'><strong>grum</strong></span> <span class='ocrx_word' id='word_1_399' title='bbox 200 3492 262 3545; x_wconf 87' lang='lat' dir='ltr'><strong>eius</strong></span> <span class='ocrx_word' id='word_1_400' title='bbox 281 3498 421 3545; x_wconf 87' lang='lat' dir='ltr'><strong>serratum</strong></span> <span class='ocrx_word' id='word_1_401' title='bbox 442 3497 485 3545; x_wconf 85' lang='lat' dir='ltr'><strong>est</strong></span> <span class='ocrx_word' id='word_1_402' title='bbox 503 3494 671 3562; x_wconf 34' lang='lat' dir='ltr'><strong>exemplar..</strong></span> 
     </span>
    </p>

    <p class='ocr_par' dir='ltr' id='par_1_7' title="bbox 87 3574 1330 4592">
     <span class='ocr_line' id='line_1_41' title="bbox 161 3574 1319 3650; baseline -0.006 -17"><span class='ocrx_word' id='word_1_403' title='bbox 161 3578 311 3646; x_wconf 78' lang='lat' dir='ltr'><strong>Ercorptis</strong></span> <span class='ocrx_word' id='word_1_404' title='bbox 327 3576 524 3645; x_wconf 89' lang='lat' dir='ltr'><strong>Parisiuis,</strong></span> <span class='ocrx_word' id='word_1_405' title='bbox 546 3595 619 3646; x_wconf 81' lang='lat' dir='ltr'><strong>quae</strong></span> <span class='ocrx_word' id='word_1_406' title='bbox 642 3581 775 3650; x_wconf 84' lang='lat' dir='ltr'><strong>leguntur</strong></span> <span class='ocrx_word' id='word_1_407' title='bbox 798 3581 827 3632; x_wconf 93' lang='lat' dir='ltr'><strong>iu</strong></span> <span class='ocrx_word' id='word_1_408' title='bbox 851 3580 913 3633; x_wconf 92' lang='lat' dir='ltr'><strong>cod.</strong></span> <span class='ocrx_word' id='word_1_409' title='bbox 930 3577 1024 3647; x_wconf 77' lang='lat' dir='ltr'><strong>Regio</strong></span> <span class='ocrx_word' id='word_1_410' title='bbox 1033 3580 1121 3628; x_wconf 67' lang='grc'><strong>1186.</strong></span> <span class='ocrx_word' id='word_1_411' title='bbox 1145 3574 1267 3641; x_wconf 89' lang='lat' dir='ltr'><strong>primum</strong></span> <span class='ocrx_word' id='word_1_412' title='bbox 1285 3576 1319 3628; x_wconf 88' lang='lat' dir='ltr'><strong>P.</strong></span> 
     </span>
     <span class='ocr_line' id='line_1_42' title="bbox 87 3660 1320 3733; baseline -0.008 -10"><span class='ocrx_word' id='word_1_413' title='bbox 87 3666 204 3723; x_wconf 84' lang='lat' dir='ltr'><strong>Pitheci</strong></span> <span class='ocrx_word' id='word_1_414' title='bbox 229 3672 328 3733; x_wconf 90' lang='lat' dir='ltr'><strong>postea</strong></span> <span class='ocrx_word' id='word_1_415' title='bbox 345 3662 518 3727; x_wconf 79' lang='lat' dir='ltr'><strong>colbertino,</strong></span> <span class='ocrx_word' id='word_1_416' title='bbox 542 3665 702 3733; x_wconf 88' lang='lat' dir='ltr'><strong>subscripta</strong></span> <span class='ocrx_word' id='word_1_417' title='bbox 726 3673 793 3718; x_wconf 91' lang='lat' dir='ltr'><strong>snut</strong></span> <span class='ocrx_word' id='word_1_418' title='bbox 815 3665 933 3718; x_wconf 84' lang='lat' dir='ltr'><strong>haeccer</strong></span> <span class='ocrx_word' id='word_1_419' title='bbox 964 3662 1103 3729; x_wconf 71' lang='lat' dir='ltr'><strong>displicuit</strong></span> <span class='ocrx_word' id='word_1_420' title='bbox 1124 3660 1263 3726; x_wconf 70' lang='lat' dir='ltr'><strong>defloratio</strong></span> <span class='ocrx_word' id='word_1_421' title='bbox 1286 3662 1320 3713; x_wconf 88' lang='lat' dir='ltr'><strong>de</strong></span> 
     </span>
     <span class='ocr_line' id='line_1_43' title="bbox 89 3745 1330 3820; baseline -0.01 -11"><span class='ocrx_word' id='word_1_422' title='bbox 89 3758 158 3809; x_wconf 83' lang='lat' dir='ltr'><strong>libro</strong></span> <span class='ocrx_word' id='word_1_423' title='bbox 174 3752 306 3807; x_wconf 86' lang='lat' dir='ltr'><strong>Ambrosii</strong></span> <span class='ocrx_word' id='word_1_424' title='bbox 323 3748 453 3803; x_wconf 83' lang='lat' dir='ltr'><strong>Macrobii</strong></span> <span class='ocrx_word' id='word_1_425' title='bbox 469 3750 611 3803; x_wconf 80' lang='lat' dir='ltr'><strong>Pbeodesii</strong></span> <span class='ocrx_word' id='word_1_426' title='bbox 628 3768 708 3820; x_wconf 83' lang='lat' dir='ltr'><strong>pssum</strong></span> <span class='ocrx_word' id='word_1_427' title='bbox 726 3753 857 3805; x_wconf 83' lang='lat' dir='ltr'><strong>lebannes</strong></span> <span class='ocrx_word' id='word_1_428' title='bbox 874 3755 1011 3816; x_wconf 78' lang='lat' dir='ltr'><strong>carpserat</strong></span> <span class='ocrx_word' id='word_1_429' title='bbox 1025 3746 1062 3798; x_wconf 88' lang='lat' dir='ltr'><strong>ud</strong></span> <span class='ocrx_word' id='word_1_430' title='bbox 1077 3745 1216 3797; x_wconf 85' lang='lat' dir='ltr'><strong>discendes</strong></span> <span class='ocrx_word' id='word_1_431' title='bbox 1233 3745 1330 3797; x_wconf 78' lang='lat' dir='ltr'><strong>Grae--</strong></span> 
     </span>
     <span class='ocr_line' id='line_1_44' title="bbox 89 3831 1322 3903; baseline -0.009 -8"><span class='ocrx_word' id='word_1_432' title='bbox 89 3858 181 3895; x_wconf 81' lang='lat' dir='ltr'><strong>eccum</strong></span> <span class='ocrx_word' id='word_1_433' title='bbox 200 3839 337 3891; x_wconf 84' lang='lat' dir='ltr'><strong>uerborum</strong></span> <span class='ocrx_word' id='word_1_434' title='bbox 355 3834 475 3903; x_wconf 75' lang='lat' dir='ltr'><strong>regulae,</strong></span> <span class='ocrx_word' id='word_1_435' title='bbox 492 3838 594 3901; x_wconf 82' lang='lat' dir='ltr'><strong>quibus</strong></span> <span class='ocrx_word' id='word_1_436' title='bbox 613 3852 630 3889; x_wconf 96' lang='lat' dir='ltr'><strong>a</strong></span> <span class='ocrx_word' id='word_1_437' title='bbox 649 3852 734 3890; x_wconf 87' lang='lat' dir='ltr'><strong>mauu</strong></span> <span class='ocrx_word' id='word_1_438' title='bbox 752 3836 857 3889; x_wconf 87' lang='lat' dir='ltr'><strong>aetatis</strong></span> <span class='ocrx_word' id='word_1_439' title='bbox 869 3831 1035 3901; x_wconf 89' lang='lat' dir='ltr'><strong>posterioris</strong></span> <span class='ocrx_word' id='word_1_440' title='bbox 1054 3832 1127 3882; x_wconf 87' lang='lat' dir='ltr'><strong>haee</strong></span> <span class='ocrx_word' id='word_1_441' title='bbox 1142 3844 1216 3880; x_wconf 91' lang='lat' dir='ltr'><strong>nuuc</strong></span> <span class='ocrx_word' id='word_1_442' title='bbox 1233 3847 1322 3898; x_wconf 90' lang='lat' dir='ltr'><strong>paens</strong></span> 
     </span>
     <span class='ocr_line' id='line_1_45' title="bbox 91 3915 1322 3989; baseline -0.007 -10"><span class='ocrx_word' id='word_1_443' title='bbox 91 3924 213 3979; x_wconf 82' lang='lat' dir='ltr'><strong>evanida</strong></span> <span class='ocrx_word' id='word_1_444' title='bbox 231 3928 297 3976; x_wconf 91' lang='lat' dir='ltr'><strong>suut</strong></span> <span class='ocrx_word' id='word_1_445' title='bbox 314 3918 438 3973; x_wconf 75' lang='lat' dir='ltr'><strong>adiectae</strong></span> <span class='ocrx_word' id='word_1_446' title='bbox 458 3920 519 3984; x_wconf 82' lang='lat' dir='ltr'><strong>„dn</strong></span> <span class='ocrx_word' id='word_1_447' title='bbox 533 3920 675 3973; x_wconf 87' lang='lat' dir='ltr'><strong>lohannes</strong></span> <span class='ocrx_word' id='word_1_448' title='bbox 695 3921 730 3973; x_wconf 86' lang='lat' dir='ltr'><strong>de</strong></span> <span class='ocrx_word' id='word_1_449' title='bbox 747 3921 965 3989; x_wconf 75' lang='lat' dir='ltr'><strong>Basiugsstorss</strong></span> <span class='ocrx_word' id='word_1_450' title='bbox 977 3915 1322 3987; x_wconf 76' lang='lat' dir='ltr'><strong>Arclridiaceuustleguse</strong></span> 
     </span>
     <span class='ocr_line' id='line_1_46' title="bbox 91 4000 1321 4093; baseline -0.003 -31"><span class='ocrx_word' id='word_1_451' title='bbox 91 4012 129 4063; x_wconf 87' lang='lat' dir='ltr'><strong>de</strong></span> <span class='ocrx_word' id='word_1_452' title='bbox 137 4025 201 4093; x_wconf 37' lang='lat' dir='ltr'><strong>&#39;quo</strong></span> <span class='ocrx_word' id='word_1_453' title='bbox 220 4008 306 4065; x_wconf 74' lang='lat' dir='ltr'><strong>neus.</strong></span> <span class='ocrx_word' id='word_1_454' title='bbox 326 4020 388 4073; x_wconf 85' lang='lat' dir='ltr'><strong>pau.</strong></span> <span class='ocrx_word' id='word_1_455' title='bbox 407 4019 472 4057; x_wconf 90' lang='lat' dir='ltr'><strong>auu.</strong></span> <span class='ocrx_word' id='word_1_456' title='bbox 492 4006 567 4054; x_wconf 81' lang='grc'><strong>1959.</strong></span> <span class='ocrx_word' id='word_1_457' title='bbox 585 4021 612 4071; x_wconf 86' lang='lat' dir='ltr'><strong>p.</strong></span> <span class='ocrx_word' id='word_1_458' title='bbox 631 4009 707 4070; x_wconf 86' lang='grc'><strong>1119,</strong></span> <span class='ocrx_word' id='word_1_459' title='bbox 725 4020 760 4056; x_wconf 90' lang='lat' dir='ltr'><strong>an</strong></span> <span class='ocrx_word' id='word_1_460' title='bbox 779 4004 825 4056; x_wconf 90' lang='lat' dir='ltr'><strong>rei</strong></span> <span class='ocrx_word' id='word_1_461' title='bbox 843 4003 1004 4069; x_wconf 84' lang='lat' dir='ltr'><strong>exemplum</strong></span> <span class='ocrx_word' id='word_1_462' title='bbox 1019 4000 1213 4055; x_wconf 87' lang='lat' dir='ltr'><strong>huinslihulii</strong></span> <span class='ocrx_word' id='word_1_463' title='bbox 1232 4006 1321 4058; x_wconf 89' lang='lat' dir='ltr'><strong>multo</strong></span> 
     </span>
     <span class='ocr_line' id='line_1_47' title="bbox 90 4078 1321 4164; baseline -0.007 -14"><span class='ocrx_word' id='word_1_464' title='bbox 90 4096 237 4164; x_wconf 83' lang='lat' dir='ltr'><strong>antiquius</strong></span> <span class='ocrx_word' id='word_1_465' title='bbox 262 4078 415 4145; x_wconf 71' lang='lat' dir='ltr'><strong>rideturi&#39;“</strong></span> <span class='ocrx_word' id='word_1_466' title='bbox 450 4085 562 4140; x_wconf 77' lang='lat' dir='ltr'><strong>ibicibus·</strong></span> <span class='ocrx_word' id='word_1_467' title='bbox 585 4095 680 4140; x_wconf 88' lang='lat' dir='ltr'><strong>antem</strong></span> <span class='ocrx_word' id='word_1_468' title='bbox 706 4089 794 4143; x_wconf 85' lang='lat' dir='ltr'><strong>codex</strong></span> <span class='ocrx_word' id='word_1_469' title='bbox 820 4088 873 4140; x_wconf 93' lang='lat' dir='ltr'><strong>ille</strong></span> <span class='ocrx_word' id='word_1_470' title='bbox 900 4093 1032 4141; x_wconf 84' lang='lat' dir='ltr'><strong>exeratur</strong></span> <span class='ocrx_word' id='word_1_471' title='bbox 1059 4104 1122 4141; x_wconf 90' lang='lat' dir='ltr'><strong>esse</strong></span> <span class='ocrx_word' id='word_1_472' title='bbox 1148 4090 1246 4142; x_wconf 88' lang='lat' dir='ltr'><strong>seculo</strong></span> <span class='ocrx_word' id='word_1_473' title='bbox 1273 4091 1321 4143; x_wconf 77' lang='lat' dir='ltr'><strong>xl.</strong></span> 
     </span>
     <span class='ocr_line' id='line_1_48' title="bbox 92 4170 1322 4238; baseline -0.005 -3"><span class='ocrx_word' id='word_1_474' title='bbox 92 4183 115 4235; x_wconf 92' lang='lat' dir='ltr'><strong>l.</strong></span> <span class='ocrx_word' id='word_1_475' title='bbox 133 4183 278 4237; x_wconf 85' lang='lat' dir='ltr'><strong>Pantanus</strong></span> <span class='ocrx_word' id='word_1_476' title='bbox 300 4176 328 4230; x_wconf 92' lang='lat' dir='ltr'><strong>in</strong></span> <span class='ocrx_word' id='word_1_477' title='bbox 347 4174 414 4228; x_wconf 89' lang='lat' dir='ltr'><strong>edit.</strong></span> <span class='ocrx_word' id='word_1_478' title='bbox 433 4174 456 4225; x_wconf 90' lang='lat' dir='ltr'><strong>l.</strong></span> <span class='ocrx_word' id='word_1_479' title='bbox 477 4170 624 4227; x_wconf 81' lang='lat' dir='ltr'><strong>adnotavit</strong></span> <span class='ocrx_word' id='word_1_480' title='bbox 649 4173 770 4226; x_wconf 88' lang='lat' dir='ltr'><strong>haecce·</strong></span> <span class='ocrx_word' id='word_1_481' title='bbox 800 4171 923 4238; x_wconf 80' lang='lat' dir='ltr'><strong>„Censet</strong></span> <span class='ocrx_word' id='word_1_482' title='bbox 945 4173 1082 4227; x_wconf 84' lang='lat' dir='ltr'><strong>Pithoeus</strong></span> <span class='ocrx_word' id='word_1_483' title='bbox 1104 4174 1180 4228; x_wconf 86' lang='lat' dir='ltr'><strong>huuc</strong></span> <span class='ocrx_word' id='word_1_484' title='bbox 1202 4176 1322 4230; x_wconf 84' lang='lat' dir='ltr'><strong>lohan-</strong></span> 
     </span>
     <span class='ocr_line' id='line_1_49' title="bbox 93 4257 1322 4330; baseline -0.004 -10"><span class='ocrx_word' id='word_1_485' title='bbox 93 4284 169 4320; x_wconf 86' lang='lat' dir='ltr'><strong>nene</strong></span> <span class='ocrx_word' id='word_1_486' title='bbox 188 4264 344 4326; x_wconf 81' lang='lat' dir='ltr'><strong>Scotum,</strong></span> <span class='ocrx_word' id='word_1_487' title='bbox 362 4260 455 4323; x_wconf 83' lang='lat' dir='ltr'><strong>risum</strong></span> <span class='ocrx_word' id='word_1_488' title='bbox 475 4258 556 4311; x_wconf 86' lang='lat' dir='ltr'><strong>illurn</strong></span> <span class='ocrx_word' id='word_1_489' title='bbox 572 4258 699 4315; x_wconf 84' lang='lat' dir='ltr'><strong>Graecae</strong></span> <span class='ocrx_word' id='word_1_490' title='bbox 717 4257 892 4325; x_wconf 78' lang='lat' dir='ltr'><strong>Latinaeque</strong></span> <span class='ocrx_word' id='word_1_491' title='bbox 909 4258 1026 4327; x_wconf 76' lang='lat' dir='ltr'><strong>liuguae</strong></span> <span class='ocrx_word' id='word_1_492' title='bbox 1041 4260 1256 4328; x_wconf 86' lang='lat' dir='ltr'><strong>peritissimum,</strong></span> <span class='ocrx_word' id='word_1_493' title='bbox 1273 4263 1322 4330; x_wconf 85' lang='lat' dir='ltr'><strong>qui</strong></span> 
     </span>
     <span class='ocr_line' id='line_1_50' title="bbox 93 4342 1323 4417; baseline -0.005 -12"><span class='ocrx_word' id='word_1_494' title='bbox 93 4352 197 4407; x_wconf 82' lang='lat' dir='ltr'><strong>Garolo</strong></span> <span class='ocrx_word' id='word_1_495' title='bbox 219 4347 385 4417; x_wconf 86' lang='lat' dir='ltr'><strong>imperatori</strong></span> <span class='ocrx_word' id='word_1_496' title='bbox 409 4352 578 4400; x_wconf 88' lang='lat' dir='ltr'><strong>coaetaneus</strong></span> <span class='ocrx_word' id='word_1_497' title='bbox 601 4344 781 4414; x_wconf 76' lang='lat' dir='ltr'><strong>stilianysii</strong></span> <span class='ocrx_word' id='word_1_498' title='bbox 801 4344 892 4399; x_wconf 88' lang='lat' dir='ltr'><strong>libros</strong></span> <span class='ocrx_word' id='word_1_499' title='bbox 909 4342 1027 4399; x_wconf 79' lang='lat' dir='ltr'><strong>balinea</strong></span> <span class='ocrx_word' id='word_1_500' title='bbox 1048 4346 1124 4399; x_wconf 88' lang='lat' dir='ltr'><strong>lecit.</strong></span> <span class='ocrx_word' id='word_1_501' title='bbox 1159 4348 1323 4400; x_wconf 78' lang='lat' dir='ltr'><strong>Meminerit</strong></span> 
     </span>
     <span class='ocr_line' id='line_1_51' title="bbox 93 4430 1322 4505; baseline -0.008 -14"><span class='ocrx_word' id='word_1_502' title='bbox 93 4453 204 4505; x_wconf 82' lang='lat' dir='ltr'><strong>queque</strong></span> <span class='ocrx_word' id='word_1_503' title='bbox 227 4434 353 4488; x_wconf 89' lang='lat' dir='ltr'><strong>eiusdem</strong></span> <span class='ocrx_word' id='word_1_504' title='bbox 380 4430 626 4499; x_wconf 89' lang='lat' dir='ltr'><strong>interpretationis</strong></span> <span class='ocrx_word' id='word_1_505' title='bbox 648 4432 677 4485; x_wconf 89' lang='lat' dir='ltr'><strong>iu</strong></span> <span class='ocrx_word' id='word_1_506' title='bbox 699 4432 822 4501; x_wconf 90' lang='lat' dir='ltr'><strong>epistola</strong></span> <span class='ocrx_word' id='word_1_507' title='bbox 843 4431 979 4498; x_wconf 62' lang='lat' dir='ltr'><strong>quamam</strong></span> <span class='ocrx_word' id='word_1_508' title='bbox 1006 4432 1042 4484; x_wconf 92' lang='lat' dir='ltr'><strong>sd</strong></span> <span class='ocrx_word' id='word_1_509' title='bbox 1063 4431 1197 4485; x_wconf 78' lang='lat' dir='ltr'><strong>Gerulum</strong></span> <span class='ocrx_word' id='word_1_510' title='bbox 1226 4448 1322 4495; x_wconf 73' lang='lat' dir='ltr'><strong>regom</strong></span> 
     </span>
     <span class='ocr_line' id='line_1_52' title="bbox 95 4514 1323 4592; baseline -0.01 -19"><span class='ocrx_word' id='word_1_511' title='bbox 95 4522 221 4592; x_wconf 64' lang='lat' dir='ltr'><strong>pensiles</strong></span> <span class='ocrx_word' id='word_1_512' title='bbox 236 4519 380 4581; x_wconf 80' lang='lat' dir='ltr'><strong>Nicotaus.</strong></span> <span class='ocrx_word' id='word_1_513' title='bbox 415 4514 569 4587; x_wconf 66' lang='lat' dir='ltr'><strong>suggessit</strong></span> <span class='ocrx_word' id='word_1_514' title='bbox 580 4516 778 4586; x_wconf 64' lang='lat' dir='ltr'><strong>opsopoeew</strong></span> <span class='ocrx_word' id='word_1_515' title='bbox 813 4517 922 4587; x_wconf 81' lang='lat' dir='ltr'><strong>Quibus</strong></span> <span class='ocrx_word' id='word_1_516' title='bbox 937 4518 965 4575; x_wconf 85' lang='lat' dir='ltr'><strong>iu</strong></span> <span class='ocrx_word' id='word_1_517' title='bbox 982 4517 1049 4573; x_wconf 84' lang='lat' dir='ltr'><strong>cdlt.</strong></span> <span class='ocrx_word' id='word_1_518' title='bbox 1064 4517 1102 4568; x_wconf 86' lang='lat' dir='ltr'><strong>ll.</strong></span> <span class='ocrx_word' id='word_1_519' title='bbox 1118 4516 1224 4570; x_wconf 76' lang='lat' dir='ltr'><strong>sulcen</strong></span> <span class='ocrx_word' id='word_1_520' title='bbox 1240 4515 1323 4563; x_wconf 75' lang='lat' dir='ltr'><strong>naec:</strong></span> 
     </span>
    </p>
   </div>
   <div class='ocr_carea' id='block_1_5' title="bbox 1073 4600 1118 4677">
    <p class='ocr_par' dir='ltr' id='par_1_8' title="bbox 1073 4600 1118 4677">
     <span class='ocr_line' id='line_1_53' title="bbox 1073 4600 1118 4677; baseline -0.067 0"><span class='ocrx_word' id='word_1_521' title='bbox 1073 4600 1118 4677; x_wconf 84' lang='lat'><strong>[4]</strong></span> 
     </span>
    </p>
   </div>
   <div class='ocr_carea' id='block_1_6' title="bbox 0 0 1490 4859">
    <p class='ocr_par' dir='ltr' id='par_1_9' title="bbox 0 0 1490 4859">
     <span class='ocr_line' id='line_1_54' title="bbox 0 0 1490 4859; baseline 0 0"><span class='ocrx_word' id='word_1_522' title='bbox 0 0 1490 4859; x_wconf 95' lang='lat' dir='ltr'><strong> </strong></span> 
     </span>
    </p>
   </div>
  </div>
 </body>
</html>
