2942 4859
98 20 177 85 VIII
571 54 574 61 ·
614 45 807 91 saturnum.

103 190 176 255 mihi
204 189 356 276 expedivit
379 192 413 256 F.
441 193 671 271 Turnascurns,
696 194 750 281 qui
774 194 813 259 de
834 192 1035 277 benignitate,
1059 210 1121 276 qua
1144 189 1325 256 adolescen-

102 292 160 356 tuli
184 291 284 358 studia
310 301 429 358 rexerat
456 302 549 379 atque
579 305 644 361 erat
675 296 864 374 moderatus,
897 293 972 358 nihil
1002 291 1224 358 detrahendum
1254 312 1327 357 esse

104 393 222 480 putavit
243 393 281 471 ei,
305 394 393 459 cuius
414 395 550 461 animum
573 418 701 484 corpore
718 398 757 463 ab
779 398 876 462 oeulis
896 395 960 461 suis
979 402 1099 461 remoto
1119 393 1228 459 merito
1248 414 1326 458 eou-

105 496 213 561 fideret
241 518 302 561 non
331 517 397 562 esse
421 518 438 562 a
465 518 498 561 se
522 498 735 566 abalienatum.
777 500 826 565 Ex
852 500 899 564 his
926 497 977 562 alii
1001 497 1040 561 ad
1064 518 1113 562 me
1134 496 1327 572 missisunt,

105 598 179 662 elios
206 598 361 664 Monachii
390 620 407 664 a
437 621 486 665 me
513 609 637 685 rogatus
661 602 792 688 inspexit
819 601 853 667 C.
878 602 1067 677 Maenalus,
1106 598 1326 663 dilectissimus

104 701 260 784 quondam
288 723 375 767 meus
397 702 578 788 discipulus,
609 724 691 769 nunc
721 702 843 768 scholae
869 700 1020 787 Spirensis
1045 700 1197 786 magister.
1246 699 1325 764 Edi-

104 801 203 879 tiones
235 802 308 867 alias
342 802 458 868 vicinae
491 804 564 868 mihi
598 805 868 890 suppeditaverunt
902 800 1117 879 bibliothecae,
1154 801 1228 868 alias
1258 801 1327 886 ipse

107 924 214 968 eoemr.

190 1106 246 1171 llis
278 1106 421 1171 subsidiis
453 1107 619 1173 instructus
650 1109 811 1173 eonsilium
843 1116 966 1194 captum
997 1128 1046 1171 me
1076 1126 1167 1191 posse
1196 1107 1326 1191 exsequi

106 1207 281 1291 sperabam,
310 1209 403 1294 idque
427 1210 526 1295 palam
548 1230 615 1274 esse
636 1210 728 1287 volui,
751 1232 790 1276 ne
809 1210 920 1276 iterum
942 1207 1030 1284 mihi,
1060 1207 1090 1272 id
1110 1207 1193 1293 quod
1214 1207 1247 1271 in
1268 1208 1325 1273 Se-

106 1328 181 1373 neca
207 1309 281 1375 mihi
305 1331 366 1376 usu
387 1319 525 1389 venerat,
550 1311 715 1390 accideret,
741 1320 777 1379 ιιι
798 1333 867 1377 sero
888 1330 1104 1396 cognoscerem
1127 1310 1166 1375 ab
1185 1308 1245 1374 alio
1267 1308 1324 1373 du-

107 1409 180 1475 dum
200 1422 360 1499 praerepto
384 1434 434 1479 me
455 1418 717 1499 opernmmadaro
731 1414 870 1500 negaba
897 1412 989 1489 ,Iloa
1006 1409 1124 1476 institui
1145 1411 1188 1497 ι),
1218 1410 1325 1475 simul-

108 1531 168 1595 que
191 1514 308 1597 rogavi,
338 1523 387 1594 ut,
418 1516 445 1580 si
469 1514 538 1602 quis
559 1515 631 1600 quid
655 1514 782 1581 haberet
803 1537 865 1601 quo
888 1535 956 1580 mea
979 1534 1072 1600 opera
1094 1512 1262 1590 iuraretru,
1293 1513 1324 1577 id

108 1632 228 1679 meeum
252 1617 500 1683 communicaret.
534 1618 598 1683 Nec
620 1616 677 1683 luit
697 1616 757 1683 hoc
779 1616 908 1682 irritum.
943 1615 1020 1681 Nam
1040 1614 1123 1680 Kilia
1140 1614 1197 1680 En.
1218 1614 1324 1680 Ossa·
1433 1643 1434 1684 ι

108 1736 343 1799 aaueaenarus,
373 1740 454 1787 neure
482 1716 638 1811 professor
660 1719 860 1805 Dorpatensis
882 1720 1116 1806 Russorumque
1143 1716 1326 1831 Imperatori

108 1808 283 1885 aeonsiliis
309 1818 429 1899 aulicis,
459 1818 498 1888 ad
526 1840 575 1885 me
601 1818 684 1887 misit
704 1819 848 1888 editionis
875 1816 1105 1919 Gryphianae
1130 1817 1201 1886 anni
1223 1818 1324 1881 MDL.
1433 1809 1434 1870 l

110 1918 296 2003 exemplum,
334 1921 452 2011 quod
444 1943 475 1988 m
502 1918 633 1993 Fabricii
656 1918 847 1985 Bibliotheca
872 1912 981 1985 Latina
1010 1915 1078 2002 [vol
1104 1917 1162 1981 111.
1185 1938 1215 2003 p.
1243 1914 1324 2005 185.)
1433 1917 1434 1922 ’

108 2019 132 2082 l
143 2022 181 2083 A
193 2018 353 2087 Emestius
375 2044 407 2091 se
428 2020 571 2087 habuisse
589 2007 681 2087 refert
682 2021 856 2109 ,adscripta
878 2020 1023 2088 uarietate
1043 2017 1182 2085 lectionis
1205 2019 1325 2089 eMsto
1433 2103 1434 2114 ἵ

110 2122 342 2193 monasteriis.
369 2123 461 2195 Galli:
493 2124 632 2214 Dorpato
656 2124 700 2191 Μ.
722 2124 756 2189 L.
778 2122 987 2194 Menexenus
1012 2118 1223 2189 adnotationes
1248 2143 1325 2209 quas

109 2222 140 2286 in
163 2224 298 2308 margine
322 2224 466 2293 editionis
486 2224 689 2295 Londiuensis
715 2223 831 2302 invenit
852 2223 1025 2309 inscriptas:
1056 2221 1113 2287 alia
1137 2222 1212 2289 mihi
1234 2226 1324 2292 obtu-
1433 2223 1434 2228 ’

110 2324 211 2394 lerunt
232 2327 372 2402 llamona
390 2326 425 2401 L·
447 2328 615 2405 racanas,
634 2328 836 2415 Norimberga
856 2328 966 2393 lasau.
987 2325 1155 2391 Mamaea.

195 2528 319 2607 Quibus
337 2522 471 2597 excussis
490 2532 561 2610 alia,
593 2530 834 2599 Satumaliorum
854 2531 1029 2619 praecipue,
1059 2528 1204 2618 requisivi
1222 2550 1324 2595 exem·

110 2628 217 2714 plaria,
246 2640 277 2695 et
300 2652 318 2696 a
341 2632 375 2699 C.
399 2632 435 2697 P.
457 2632 493 2699 C.
514 2624 789 2709 Senoeunaanna,
815 2632 865 2697 eui
888 2630 919 2696 id
941 2632 1134 2719 potissimum
1156 2653 1247 2701 curae
1270 2640 1325 2710 est,

109 2739 144 2797 ιιι
168 2731 370 2802 bibliothecae
395 2730 692 2819 Guelpherbytanaa
724 2734 774 2799 eui
804 2740 937 2819 praeest,
971 2733 1077 2817 copiae
1100 2731 1142 2797 ed
1170 2731 1324 2797 literarum

110 2832 242 2903 fructum
265 2855 358 2923 quam
382 2836 513 2904 maxime
534 2832 719 2911 redundent,
750 2831 836 2905 facile
861 2832 1033 2921 impetrari,
1063 2841 1099 2897 ιιι
1124 2831 1218 2917 petita
1241 2832 1323 2895 data-

110 2954 170 3024 que
190 2934 286 3016 venia‚
308 2957 369 3026 qua
387 2936 424 3003 ad
445 2936 566 3008 codices
587 2935 667 3005 foras
687 2935 852 3005 mittendos
872 2933 900 2999 ei
920 2956 998 3021 opus
1017 2942 1075 3013 est,
1097 2932 1171 2998 mihi
1192 2932 1325 3002 mitteret

110 3036 247 3101 codicem
275 3046 336 3103 tres
364 3036 606 3107 Satumaliorum
630 3036 724 3105 libros
748 3036 970 3106 continentem:
1001 3044 1032 3101 et
1060 3034 1259 3102 Fasuerscus
1285 3060 1323 3101 aas

108 3138 133 3202 F
136 3160 226 3219 ears,
261 3139 313 3224 qui
342 3160 380 3208 no
408 3140 506 3208 tribus
535 3140 659 3226 quidem
684 3138 788 3207 lustris
815 3139 946 3224 peractis
970 3138 1123 3205 abiecerat
1147 3139 1323 3203 memoriam

110 3239 175 3305 eius
195 3239 341 3324 temporis
361 3260 424 3324 quo
445 3239 476 3307 in
496 3240 687 3308 bibliothecis
711 3240 895 3309 Florentinis
916 3238 1131 3325 inquisiveram
1151 3237 1183 3303 in
1206 3240 1324 3307 codices

109 3340 278 3419 Plinianos,
309 3340 536 3426 perhumaniter
558 3342 793 3431 quibuscunque
814 3342 891 3407 loeis
910 3342 991 3409 volui
1013 3340 1217 3426 inspiciendos
1239 3363 1323 3407 cura·
1433 3353 1434 3434 }

109 3442 152 3507 vit
174 3452 235 3511 tros
260 3442 380 3510 codices
403 3442 567 3511 Medieeos.
611 3445 678 3508 lam
703 3444 864 3510 occasione
889 3442 959 3509 data
984 3443 1161 3511 solennibus
1184 3444 1323 3509 seculari·

110 3546 168 3610 hus
195 3544 368 3613 academiae
392 3544 795 3612 Friderico-hlexandrinae
819 3543 974 3632 quoddam
995 3544 1166 3611 studiorum
1187 3566 1323 3611 meorum

110 3645 378 3714 Macrobianorum
409 3646 489 3713 edidi
521 3647 675 3733 specimen
689 3714 693 3721 ,
707 3647 743 3733 ³).
806 3647 903 3713 Paulo
934 3655 1005 3733 post
1038 3645 1073 3713 C.
1099 3644 1135 3709 B.
1162 3646 1266 3713 Haase
1296 3657 1324 3713 et

114 3856 133 3863 -ι
148 3858 239 3863 ----.
255 3857 314 3864 -..—

181 3968 210 4029 ι)
228 3968 310 4019 cont.
329 3968 494 4021 zellaebrlst
514 3970 532 4019 l.
550 3970 575 4019 d.
597 3972 714 4023 altertb.
731 3970 912 4027 Wisseasclr.
931 3970 1007 4021 1841.
1036 3972 1069 4021 Ν.
1087 3970 1146 4019 tlt.

126 4064 130 4071 ·
181 4052 270 4112 1)οι
292 4054 550 4105 commentationem
575 4066 645 4117 quae
667 4052 845 4105 inscribitur:
877 4054 1036 4105 Academiae
1057 4052 1160 4119 Regiae
1181 4052 1323 4104 Fatalerico-
1407 4077 1410 4083 ·

112 4135 311 4187 Alexandrinae
327 4137 447 4188 solennia
465 4136 596 4187 aeenlario
614 4138 705 4188 diebos
730 4136 833 4188 XXIII.
856 4134 950 4189 xm
975 4136 1056 4186 m
1092 4136 1127 4186 M.
1149 4139 1268 4205 Augusti
1284 4154 1322 4188 ec-

110 4220 237 4271 lebrandn
261 4220 314 4287 piis
339 4220 408 4271 ootis
426 4221 586 4287 nuncupatio
603 4223 778 4287 gratulantur
794 4222 931 4287 gymnade·
949 4221 1030 4289 liegii
1052 4219 1227 4271 laodociciaai
1243 4230 1324 4271 rector

110 4312 134 4355 et
155 4307 323 4371 professores.
360 4303 452 4355 Inerant
475 4303 638 4355 badonici
663 4303 744 4355 lani
768 4304 944 4369 symbolae
967 4303 1010 4353 od
1037 4303 1202 4355 Macrobii
1224 4305 1323 4356 libror

113 4388 384 4440 saturnaliorum
403 4386 631 4438 emendandos.
669 4386 834 4451 Saevosnrli,
855 4386 1092 4439 orbeccum.
