2942 4859
238 94 442 164 conrn.1u
464 94 591 165 seran.
613 94 712 163 serr.
755 97 832 163 arn.
852 98 876 162 ι.
920 96 1010 165 css.
1032 100 1085 165 ιιι.
1105 100 1173 165 ιιι.
1249 56 1287 169 ιι

115 288 169 333 eas
243 266 336 333 datirn
359 266 497 333 societati
520 266 614 335 buius
636 267 809 339 indumenti
829 268 919 333 mstei
938 267 1135 335 concilietur:
1167 278 1201 335 ct
1218 271 1289 338 ideo

117 352 176 451 toti
200 374 248 450 ern
275 352 427 449 mortibus
454 362 531 438 quot
557 352 702 439 sphaeras
731 353 841 425 transit
867 352 906 419 ad
932 351 1012 421 hanc
1036 355 1177 439 pervenit
1208 378 1288 441 quac

116 460 150 501 ιιι
171 446 261 502 terrrs
284 445 345 502 arta
366 438 527 503 vocitatur.
1233 469 1237 475 ¹
1348 450 1351 459 '

201 524 270 587 llll.
312 522 488 587 Dcsconsus
510 544 585 589 vero
613 521 723 607 ipsius,
758 543 821 607 quo
843 522 946 587 anima
968 522 1006 586 de
1026 524 1112 589 caelo
1139 525 1172 590 in
1193 524 1313 591 huiasl

116 607 197 673 vitae
218 606 337 673 inferna
357 607 526 685 delabitur,
565 607 608 671 sin
627 607 703 671 ordo
725 606 883 691 digeritur.
925 608 1089 674 zodiacum
1108 610 1150 675 ita
1171 609 1338 689 lacteaque}

112 692 245 759 circulus
271 692 415 778 obliquae
441 692 699 759 circumllerrionis
728 713 859 758 occursu
883 692 1045 758 ambiendo
1074 688 1297 780 conplectitur.

112 786 151 843 ut
170 798 258 856 eum,
279 799 339 863 qua
358 778 420 845 duo
441 779 558 864 tropica
580 778 681 862 signa,
704 776 911 863 Capricornus
932 785 964 842 ct
983 778 1113 854 Cancer,
1135 778 1286 857 terantur,

113 863 286 929 intersecet.
329 865 392 929 Has
413 864 486 929 solis
509 872 612 963 portas
634 862 751 948 physici
774 869 977 938 vocaverunt,
1005 863 1077 948 quia
1100 864 1286 950 inutraque

112 948 259 1015 obviante
275 948 410 1013 solstitio
428 948 557 1015 alterins
575 948 649 1014 solis
670 948 828 1013 inhibetur
848 948 991 1024 encomio,
1013 956 1046 1013 et
1065 948 1100 1014 ist
1118 949 1148 1013 ei
1168 970 1284 1033 regres-

112 1055 166 1099 sus
185 1034 222 1099 ad
245 1054 340 1100 zonae
362 1036 442 1100 viam
465 1036 553 1099 cuius
580 1034 728 1099 terminos
757 1054 928 1118 numquam
950 1032 1107 1120 relinquit
1147 1034 1210 1098 Per
1231 1034 1314 1101 hest

111 1126 216 1204 portos
244 1118 365 1185 ammae
392 1119 430 1185 de
455 1120 539 1185 caelo
567 1118 599 1184 in
620 1127 717 1184 terras
740 1139 843 1185 meare
869 1126 902 1183 et
929 1117 1084 1183 detersis
1112 1118 1146 1183 ia
1165 1119 1285 1184 caelum

109 1225 249 1271 remeare
269 1206 445 1271 credantur.
487 1204 562 1271 Ideo
579 1204 740 1271 hominum
761 1225 839 1279 una,
872 1204 967 1269 altera
993 1204 1123 1292 deorum
1143 1212 1284 1269 vocatur:

110 1288 273 1357 hominurn
295 1290 428 1368 Cancer,
456 1290 528 1376 quia
551 1310 606 1375 per
628 1290 710 1357 hanc
730 1289 763 1354 in
780 1288 925 1353 interiora
947 1287 1112 1355 descensus
1132 1297 1194 1355 est:
1226 1288 1285 1355 Ca·

109 1375 271 1460 pricorous
291 1375 430 1454 deorum,
472 1376 523 1441 uia
543 1376 703 1460 perillum
726 1374 849 1463 animaq
864 1373 897 1437 in
917 1374 1059 1458 propriae
1078 1374 1281 1440 inmortalita-

109 1460 150 1527 tis
182 1461 286 1527 amam
323 1468 354 1525 et
389 1462 421 1526 in
451 1398 584 1527 (lacrum
617 1479 783 1525 numerum
816 1465 1022 1523 revertuntur.
1077 1460 1136 1527 Et,
1152 1459 1213 1521 hoo
1237 1462 1313 1525 estd

108 1545 190 1631 quod
226 1544 354 1611 Homeri
387 1545 489 1610 divina
525 1544 688 1630 prudentia
723 1544 756 1608 in
790 1542 870 1608 antri
904 1542 1046 1607 ltbecesii
1079 1541 1283 1626 descriptione

107 1630 269 1715 significat.
320 1629 401 1695 llinc
429 1641 462 1693 et
487 1629 676 1714 Pythagoras
704 1634 793 1724 putat
820 1648 838 1690 a
866 1626 964 1691 lacteo
995 1625 1111 1691 circulo
1139 1626 1283 1690 deorsum

106 1715 245 1799 incipere
266 1714 347 1781 Ditis
370 1714 545 1801 imperium,
567 1714 639 1799 quia
661 1732 783 1777 animae
804 1710 876 1775 inde
896 1710 1000 1796 lapsae
1021 1710 1166 1775 ridentur
1186 1710 1283 1775 iama

105 1799 231 1889 superis
251 1799 422 1865 recessisse.
462 1800 539 1867 Ideo
562 1799 692 1884 primam
712 1795 910 1862 nascentibus
934 1795 1040 1861 offerri
1057 1794 1100 1859 ait
1121 1794 1208 1861 lactis
1228 1795 1282 1860 ali·

907 1946 992 2021 [Edi.
1011 1944 1214 2017 sicahgspdab.
1266 1976 1272 1984 ‹

176 2034 241 2087 llll.
285 2038 371 2105 Caput
394 2036 457 2088 ΧΗ.
495 2036 632 2101 Quomodo
653 2034 745 2087 anima
767 2051 798 2085 er
818 2033 952 2103 superiore
974 2034 1068 2085 mundi
1087 2042 1165 2101 parte
1182 2031 1219 2084 nd
1238 2034 1281 2084 in-

101 2106 185 2169 ferna
201 2104 266 2162 baec
284 2105 431 2156 sistebatur.
454 2102 532 2155 ch-b.
687 2106 710 2153 1.
744 2103 816 2155 uitae
830 2102 910 2153 lanius
927 2100 977 2150 82.
996 2129 1032 2139 -
1053 2102 1189 2154 dilabitur
1208 2098 1280 2151 Bran.

105 2172 297 2240 -dirigitur
314 2172 367 2223 Hi.
382 2199 418 2211 -
435 2173 539 2224 lacteis
556 2170 670 2221 circulis
689 2187 714 2222 ι,
727 2198 762 2210 -
777 2169 1017 2235 eirwmyleotianis
1034 2168 1064 2220 ls.
1082 2190 1120 2208 -2
1133 2168 1281 2235 amplecti-

105 2248 152 2293 tur
169 2254 229 2305 s-g.
247 2267 282 2277 —
304 2256 358 2308 qna
376 2240 445 2301 (dcl.
464 2242 530 2300 duo)
548 2239 600 2289 Hl.
677 2238 757 2290 ando
775 2238 828 2289 ΗΞ.
862 2252 941 2304 quas
958 2238 1011 2287 duo
1028 2237 1057 2287 b.
1074 2264 1108 2275 -
1130 2237 1281 2289 satisutte·

105 2310 164 2360 rius
183 2306 235 2359 Rl.
403 2311 429 2357 2.
466 2309 614 2359 interrasa
658 2333 717 2356 .—
737 2306 928 2363 deterruisti
949 2302 1060 2363 .is)F.
1082 2331 1106 2341 -
1129 2310 1217 2357 et...
1237 2319 1281 2353 re-

104 2390 195 2427 meare
212 2390 266 2426 nin·
287 2370 321 2425 ii.
345 2402 380 2411 -
406 2374 439 2425 di
447 2382 542 2426 cuntur
560 2373 602 2435 (in
623 2389 647 2422 ιιι
673 2372 741 2423 .oel
759 2372 913 2430 creduntur)
931 2321 962 2421 ξ’.
982 2397 1010 2406 -
1033 2370 1140 2421 deorum
1158 2387 1214 2420 una
1232 2368 1280 2419 iso-

105 2444 206 2494 minam
225 2442 311 2493 ultera
330 2442 379 2490 ΒΞ.
532 2444 557 2491 3.
593 2458 643 2507 quo
679 2440 742 2490 aad.
761 2454 777 2490 a
796 2454 851 2487 sec.
867 2454 904 2486 ιιι.
923 2436 973 2487 lta.
991 2463 1025 2473 —
1041 2437 1184 2501 prudentie
1201 2435 1225 2484 Β
1244 2434 1281 2495 (1⁴¹

105 2524 124 2561 ι
142 2526 199 2559 sec.
216 2514 267 2569 ιιι.)
290 2506 600 2576 surse-gerseussm.
640 2506 829 2573 providentia
850 2503 887 2564 (F
905 2519 923 2553 a
941 2520 966 2569 p.
986 2508 1038 2561 ns.)
1055 2502 1222 2552 EddPBsa.
1250 2530 1278 2538 -

106 2576 232 2629 Ithacesii
249 2576 392 2627 s-bPBsn.
432 2575 565 2627 ithacessi
583 2574 616 2625 G.
651 2574 791 2625 itacessa'i
809 2576 856 2631 (su
879 2571 1042 2629 .itacensis)
1062 2566 1092 2617 F.
1133 2568 1282 2619 ithacensii

105 2644 177 2697 Bae.
200 2644 257 2705 (Ra
279 2644 333 2695 del.
357 2648 398 2702 n).
450 2642 621 2694 ithacenssii
644 2640 676 2690 ll.
722 2640 861 2690 itacensis
887 2652 950 2705 vcg.
994 2636 1144 2687 ithacensis
1166 2634 1280 2687 Silliah

104 2712 140 2774 (Ιι
163 2712 191 2763 in
211 2728 268 2779 rag.
288 2711 409 2763 ithacesii
425 2714 496 2769 snt.)
515 2706 679 2759 bitanlisrs.
701 2736 734 2747 -
762 2706 829 2756 Hinc
849 2710 915 2765 (ossa.
936 2710 975 2765 et)
996 2704 1048 2759 iti.
1090 2703 1158 2755 ilinc
1179 2705 1279 2755 etiarn

104 2781 177 2832 Bas.
199 2806 231 2818 -
254 2781 308 2831 iam
326 2779 430 2845 superis
455 2781 524 2838 (orn.
545 2780 576 2835 a)
597 2776 621 2827 B
645 2775 818 2839 „membran
839 2774 951 2823 altesa“
971 2772 1056 2822 Gron.
1090 2771 1151 2821 Vid.
1171 2775 1227 2821 not.
1261 2788 1280 2821 a

102 2848 206 2916 superis
220 2846 276 2899 iam
290 2847 341 2898 liz.
359 2872 388 2883 -
408 2846 571 2897 discessisse
589 2842 621 2895 1..
638 2870 672 2881 -
688 2842 749 2893 iden
763 2842 856 2909 priam
874 2838 906 2890 B.
925 2866 960 2877 -
977 2840 1017 2891 ait
1031 2840 1108 2890 laetis
1125 2838 1281 2889 alimaniam

102 3019 122 3055 ιι
136 2999 211 3053 idam
231 2998 303 3065 qaod
319 3004 389 3066 post,
408 3001 438 3048 nt
455 2994 568 3063 saepias
586 2998 671 3061 „post
719 2992 780 3045 vita
795 2991 940 3044 hominum
955 2994 983 3041 ct
996 2986 1119 3040 conditio
1135 2988 1205 3040 satis
1220 2987 1279 3039 ele-

101 3067 240 3121 adsasbia
257 3082 329 3133 qaae
355 3064 509 3132 proximans
533 3062 668 3128 temporis
719 3066 821 3129 gentes
843 3059 1015 3127 explicatas,
1046 3058 1091 3109 acl
1113 3074 1147 3108 ex
1165 3054 1278 3107 Ernesti

103 3136 195 3207 vicem
224 3134 417 3202 significant“‚
452 3137 482 3185 at
509 3132 549 3183 nit
574 3130 667 3183 Hand.
717 3127 885 3181 Prolnaione
912 3126 947 3177 de
973 3131 1054 3177 antro
1077 3124 1207 3177 Platonis
1235 3129 1279 3177 est

103 3202 175 3257 Tus.
195 3203 258 3254 sall.
281 3201 309 3265 l,
332 3218 358 3267 p·
382 3203 426 3251 47.
717 3196 925 3248 notissirnnns.“
953 3193 1038 3244 Znaa.

137 3271 287 3324 indumenti
309 3268 394 3335 tester]
421 3264 439 3318 i.
460 3284 484 3318 e.
505 3264 577 3333 quod
602 3280 664 3316 cons
749 3265 873 3315 videntur
894 3263 949 3313 iarn
971 3278 990 3312 a
1009 3259 1110 3328 superis
1132 3258 1276 3327 recessisse]

101 3344 179 3390 testa
198 3336 355 3404 comparari
375 3336 473 3401 possit.
508 3332 588 3384 Cani.
605 3333 663 3384 Sat.
715 3332 816 3395 „llaec
842 3331 954 3397 quidem
983 3329 1076 3380 omnia
1100 3328 1135 3379 ad
1164 3328 1276 3378 intelle-

100 3406 223 3469 ι·11,ιι,
243 3409 282 3457 lb.
299 3422 357 3456 enas
374 3404 491 3455 testeis
507 3402 666 3467 terrenisque
716 3407 791 3481 erogo
811 3415 922 3480 P'P”⁰·,
944 3397 1012 3447 Vide
1030 3403 1137 3477 ttamen,
1167 3411 1203 3474 an
1221 3412 1276 3445 non

102 3474 266 3605 aorppppbqp
292 3538 355 3591 solis
367 3536 470 3605 portas]
495 3536 580 3589 (ison.
600 3552 666 3589 con·
715 3466 1209 3595 iiiiihiilllliililiaiihlbuiibhnmlihrul
1228 3462 1275 3577 isi·
1354 3534 1360 3551 ¹

100 3608 160 3661 iest
175 3608 235 3660 Sat.
254 3606 281 3670 1,
304 3611 350 3671 lt,
369 3608 411 3655 6³.
714 3602 770 3653 ieri
802 3605 830 3652 et
866 3616 957 3659 moss3
997 3596 1145 3648 animabus
1180 3599 1274 3642 autem

137 3676 261 3729 obviante
286 3670 407 3739 solstitio]
434 3688 472 3723 sc.
500 3667 665 3721 accessioni.
716 3674 833 3720 mortens
857 3664 985 3727 evenire,
1020 3678 1083 3714 enm
1104 3660 1139 3711 ad
1158 3673 1275 3725 corpora

101 3740 147 3795 Gi.
168 3742 226 3794 Sat.
246 3740 309 3803 vll,
329 3744 359 3803 5,
378 3744 403 3790 ὁ.
423 3738 517 3805 quibus
534 3737 666 3789 obaian·
717 3736 865 3796 labuntur,
897 3746 981 3793 supra
1000 3730 1033 3795 [e.
1054 3731 1101 3787 ll,
1124 3725 1194 3791 iz]
1214 3726 1274 3774 bla-

102 3812 179 3863 dum
201 3827 253 3861 son
275 3814 341 3861 arnt.
717 3802 828 3853 crebius
844 3797 976 3851 ostendit.
1009 3795 1184 3859 ltaqnccam
1201 3791 1277 3841 altra

137 3878 250 3929 ulterius
329 3870 470 3936 inhibetur]
495 3870 523 3921 h.
544 3886 567 3921 e.
590 3867 666 3919 inhi·
717 3870 839 3920 lacteum
852 3866 989 3917 circulum
1008 3859 1200 3915 descendendo
1215 3856 1277 3937 ani:

99 3946 201 4009 betur,
237 3960 271 3995 ne
302 3938 423 3993 ulterius
459 3936 666 4005 progrediatur.
717 3952 780 3987 niae
797 3932 985 4001 pervenerint,
999 3928 1106 3995 superi,
1123 3926 1152 3977 id
1169 3931 1212 3977 est
1227 3940 1276 3991 qus

100 4012 165 4063 l'id.
182 4017 240 4063 nat·
259 4012 304 4063 sd.
323 4010 345 4069 1,
360 4010 387 4069 6,
403 4008 444 4055 aa.
716 4019 801 4068 sapsa
821 4002 944 4052 lerneam
966 4004 1067 4065 agant,
1104 4000 1204 4059 potant
1227 4010 1276 4045 eas

136 4082 163 4131 3.
199 4081 229 4131 irs
246 4076 318 4129 antri
338 4070 461 4127 ithacesii
484 4065 666 4135 descriptione]
716 4073 773 4121 iarn
799 4067 827 4119 in
857 4064 930 4119 utris
956 4064 1119 4130 imperium,
1151 4060 1206 4113 hoc
1232 4064 1276 4112 est

122 4146 216 4199 Lacus
234 4151 324 4198 exstat
347 4132 500 4207 odyssei,
522 4138 572 4185 103
590 4150 666 4199 seqq.
718 4151 833 4201 corpas,
862 4133 933 4199 quod
956 4132 1027 4185 mori
1049 4133 1164 4193 vocant,
1192 4129 1275 4179 deve·
1376 4136 1381 4146 ·

100 4186 199 4280 llosph
223 4212 281 4264 rins
299 4223 407 4275 quoqne
426 4201 666 4269 dobysnpharum
716 4202 804 4255 nisse.
833 4196 1164 4252 Eicsensasauctoris.“
1182 4196 1273 4253 Gnosi.

99 4288 185 4335 untra
201 4230 278 4331 hanc
298 4280 391 4329 loonm
408 4270 536 4334 Homeri,
558 4268 598 4319 uli
617 4285 666 4319 ao·
756 4270 816 4322 ideo
843 4270 958 4337 primam
983 4266 1151 4318 nascentibus
1183 4264 1274 4330 offerri

101 4356 178 4413 stas,
207 4344 365 4413 allegorice
389 4346 432 4392 est
458 4339 665 4403 interpretatas.
716 4338 756 4390 ait
774 4338 851 4390 iactis
867 4334 1034 4401 alimoniam]
1060 4333 1154 4398 „Hine
1172 4339 1201 4382 et
1218 4331 1275 4382 cir-

100 4416 194 4483 Atqno
226 4422 338 4469 antrum
371 4398 457 4461 irruo·
476 4404 604 4457 Platonis
637 4402 665 4455 in
717 4406 782 4457 calo
803 4405 870 4457 huic
894 4419 992 4455 nomen
1014 4396 1274 4453 natuminnoitii-

100 4483 228 4553 septimo
251 4480 285 4533 da
302 4478 373 4545 ch.
397 4476 446 4539 (ab
467 4471 579 4537 initio),
611 4487 665 4537 qao
716 4472 769 4526 bro
784 4472 819 4527 dc
837 4470 1030 4540 Nympharum
1048 4475 1130 4523 antro
1145 4465 1275 4532 Porphy-
