2942 4859
321 108 457 177 GOMM.
476 111 521 181 IN
539 110 665 183 solsst
685 111 784 197 sele.
827 118 903 185 ΠΒ.
928 122 951 185 l.
995 120 1084 191 CAP.
1105 127 1144 191 11.
1275 131 1315 195 lll

146 275 294 374 omnibus
316 276 499 363 adquiescit,
533 288 565 345 et
585 289 622 347 ut
644 282 730 348 facile
751 288 868 351 secerni
890 290 1001 373 possit,
1021 311 1100 377 quae
1120 315 1158 359 ex
1181 294 1229 361 bis
1247 316 1265 361 a
1283 316 1316 362 se

145 361 284 437 abdicet,
319 383 354 427 ee
380 364 465 429 volut
486 366 613 449 prolana
633 368 672 431 ab
696 369 765 454 ipso
787 373 938 439 vestibulo
969 395 1070 441 sacrae
1098 378 1315 463 disputationis

145 446 304 524 excludat,
326 468 405 533 quae
425 470 500 513 vero
520 450 613 516 etiam
635 472 686 515 sae
707 474 726 517 o
746 474 780 519 ac
802 455 931 521 libenter
953 459 1106 540 admittat,
1128 464 1314 531 divisionum

145 531 292 613 gradibus
313 532 529 617 explicandum
549 543 605 599 est
648 538 673 600 F
712 538 796 615 ulae,
827 562 956 625 quarum
977 566 1089 611 nomen
1114 548 1227 615 indicat
1248 548 1344 624 lalsil

145 615 384 763 professionem,
417 628 470 684 cut
489 627 609 684 tantum
632 622 837 688 conciliandae
857 627 982 692 auribus
1004 630 1168 716 voluptatis
1190 642 1244 700 uut
1262 634 1313 699 ad·
1328 632 1364 701 [θ]

167 701 330 766 ortationis
351 722 475 788 quoque
499 705 530 769 in
548 704 660 770 bonam
681 708 800 791 frugem
820 712 914 793 gratia
934 721 1072 796 repertae
1094 726 1175 781 sunt.
1216 718 1344 786 Audi-8

144 792 213 849 tum
235 786 387 863 mulcent,
416 788 501 854 velut
521 791 712 868 comoediae,
740 793 845 877 quales
867 795 1039 861 Menander
1059 798 1163 867 eiusce
1182 802 1314 867 imitato·

145 876 230 934 tores
255 872 387 956 agendas
413 872 577 950 dederunt,
615 876 663 940 vel
679 875 869 961 'argumenta
895 879 973 945 fietis
1001 882 1120 948 casibus
1144 896 1314 953 amatorum

145 953 273 1033 referta,
312 956 426 1042 quibus
451 959 499 1022 vel
528 960 660 1024 multum
687 982 722 1025 se
748 963 874 1028 Arbiter
905 966 1043 1031 exercuit
1074 968 1120 1033 vel
1147 970 1315 1053 Apuleium

145 1060 380 1126 nonnumquam
418 1042 526 1107 lusisse
560 1045 716 1109 miramur.
776 1049 843 1113 Hoc
875 1055 975 1114 totum
1011 1050 1183 1119 tabularum
1219 1075 1315 1138 genus

145 1124 231 1209 quod
252 1126 330 1190 solas
353 1127 474 1193 aurium
501 1127 624 1193 delicias
650 1130 814 1229 profitetur
833 1152 850 1197 e
871 1135 1004 1200 sacrario
1026 1156 1084 1201 suo
1105 1138 1137 1201 in
1159 1139 1315 1205 nutricum

145 1229 241 1274 cunas
264 1211 430 1295 sapientiae
452 1220 598 1279 tractatam
618 1215 765 1281 eliminat
807 1218 855 1282 Ex
874 1218 912 1284 iis
932 1228 1035 1285 autem
1059 1242 1139 1307 quae
1160 1222 1198 1287 ad
1219 1224 1345 1311 quan-9

146 1294 217 1359 dam
239 1296 389 1361 virtutum
410 1298 543 1383 speciem
571 1299 761 1365 intellectum
784 1302 913 1385 legantis
934 1304 1098 1371 hortantur
1122 1308 1157 1371 fit
1181 1310 1316 1375 secunda

147 1380 300 1444 discretio.
347 1384 384 1445 ln
411 1383 595 1479 quibusdam
620 1384 704 1449 enim
732 1392 765 1450 et
788 1396 1004 1471 argumentum
1032 1412 1070 1456 ex
1098 1392 1169 1456 boto
1198 1392 1317 1459 locatur

146 1471 180 1529 et
206 1486 262 1549 per
288 1466 446 1530 mendacia
472 1467 538 1551 ipsa
567 1468 725 1533 relationis
753 1470 828 1533 ordo
858 1472 1046 1550 contexitur,
1083 1482 1121 1537 ut
1146 1483 1219 1540 sunt
1245 1478 1315 1541 illac

145 1550 263 1634 Aesopi
285 1549 404 1613 tabulae
433 1550 583 1634 elegantia
606 1551 739 1616 fictionis
762 1554 920 1619 inlustres:
958 1564 990 1620 at
1012 1556 1044 1619 in
1066 1558 1133 1621 aliis
1155 1578 1317 1642 argumen-

147 1642 216 1699 tum
239 1634 364 1718 quidem
387 1634 534 1698 landatur
560 1635 624 1699 ueri
651 1636 819 1715 soliditate,
856 1639 909 1702 sed
933 1638 1008 1703 baec
1033 1639 1100 1723 ipsa
1124 1641 1237 1706 raritas
1263 1664 1319 1727 per

144 1719 298 1803 quaedam
321 1719 490 1803 composita
512 1727 544 1783 et
572 1718 641 1783 ficta
663 1720 832 1804 protertur,
866 1730 899 1786 et
921 1722 980 1786 boc
1007 1723 1068 1787 iam
1095 1733 1222 1791 vocatur
1247 1748 1317 1792 nar-

146 1803 228 1867 ratio
249 1802 403 1879 labuloso,
437 1824 501 1868 non
523 1803 639 1881 labala,
666 1813 702 1869 ut
723 1813 796 1869 sunt
817 1806 1052 1873 cerimoniarum
1074 1828 1171 1885 sacra,
1197 1817 1234 1875 ut
1253 1812 1315 1877 lle·

143 1886 224 1952 siodi
244 1895 276 1952 et
296 1886 414 1973 Orphei
436 1908 516 1975 quae
537 1886 576 1952 de
597 1888 725 1954 deorum
753 1892 899 1977 progenie
925 1899 1034 1959 acturo
1060 1902 1238 1975 narrantur,
1279 1904 1316 1964 ut

936 2045 1020 2108 [Edd.
1040 2045 1245 2117 nicabgspdub.

146 2128 190 2175 stt.
342 2125 368 2174 6.
402 2132 537 2193 repugnat
552 2124 720 2193 philosophia
740 2143 800 2195 v-g.
820 2156 854 2167 -
881 2130 921 2182 ab
937 2147 970 2183 ce
985 2131 1054 2183 Edd.
1070 2130 1100 2183 P.
1123 2159 1156 2171 -
1179 2133 1317 2188 abducat

145 2198 222 2257 (sup.
238 2190 354 2251 abdicet)
372 2190 424 2242 Ra
441 2217 475 2229 -
491 2193 600 2246 chisto
617 2194 640 2245 Ρ
657 2193 715 2255 (R2
730 2211 763 2246 su
787 2196 886 2263 ipso),
902 2224 936 2235 -
953 2216 1046 2251 saaca
1063 2200 1252 2267 disputationis
1268 2218 1317 2253 ac-

145 2259 243 2310 stillata
262 2258 314 2309 tte.
337 2284 370 2297 -
391 2275 460 2325 quae
475 2276 537 2311 acra
555 2260 623 2313 Mas.
641 2260 697 2312 ruci
714 2269 744 2312 ot
763 2213 913 2325 dionosti,
936 2265 1170 2319 Pessinuntem.
1207 2282 1318 2333 quaese

144 2326 216 2377 Edd.
250 2342 324 2392 puae
344 2342 405 2377 aera
426 2331 469 2386 (et
491 2326 576 2391 paulo
599 2343 684 2393 supra
704 2345 777 2394 qaas
864 2333 1004 2396 profanas
1030 2348 1149 2399 „nempe
1170 2333 1317 2394 fabulas“)

146 2392 221 2444 coni.
235 2392 320 2444 Gran.
335 2419 370 2432 -
386 2394 513 2445 admittit
529 2393 561 2443 F.
578 2422 608 2432 ·-
627 2396 812 2461 explicandum
825 2402 893 2457 (our.
908 2402 961 2456 est)
979 2397 1075 2463 viebg.
1226 2405 1253 2451 t.
1287 2401 1317 2452 in

147 2462 243 2513 honam
259 2468 388 2527 partem
406 2468 437 2513 et
455 2461 614 2529 infringens
631 2462 674 2511 82
692 2477 708 2513 a
727 2478 784 2513 sec.
803 2479 841 2513 m.
867 2489 893 2500 -
919 2463 1086 2515 hortationis
1110 2462 1164 2515 Π..

144 2531 173 2578 8.
208 2536 265 2579 aut
280 2528 403 2579 auditune
418 2527 562 2582 mulciunt
580 2528 633 2577 tta
667 2527 756 2578 1an
776 2544 861 2593 snpru
879 2530 1002 2581 auditum
1018 2530 1081 2581 add.
1099 2545 1116 2582 a
1133 2546 1188 2581 suc.
1205 2546 1243 2582 m·
1262 2532 1318 2585 Aut

145 2594 225 2647 enisa.
247 2620 281 2631 -
304 2595 357 2645 oet
373 2595 521 2645 comoediae
543 2593 588 2645 sss
607 2595 664 2657 (Μ
681 2610 742 2659 sup.
762 2596 869 2655 veluti).
903 2603 938 2648 at
955 2612 1019 2651 eom.
1039 2597 1115 2663 (sup.
1133 2598 1190 2663 acl)
1208 2598 1260 2649 Rl.
1282 2624 1318 2637 —

144 2662 189 2714 ael
208 2668 283 2713 rant
298 2669 458 2729 argumenta
473 2660 545 2711 Bura.
563 2688 596 2699 -
613 2662 646 2712 in
663 2662 757 2729 quibam
773 2662 815 2713 set
828 2663 939 2714 multum
956 2680 1027 2716 asse
1043 2666 1179 2717 Arbitrum
1197 2663 1317 2731 (omisso

144 2730 234 2781 verbo
252 2730 379 2789 uacua,
397 2728 469 2795 quod
490 2729 576 2779 otiam
595 2742 613 2779 a
631 2727 652 2779 P
668 2729 762 2789 abest)
781 2729 821 2794 G,
839 2745 919 2794 quem
935 2730 983 2796 qui
1001 2732 1133 2797 contulit,
1152 2731 1318 2799 adscripsitr

145 2796 209 2862 „ita
224 2795 355 2847 Wouwer
377 2795 405 2847 in
425 2795 484 2847 vitta
503 2794 658 2847 Petronii.“
692 2796 770 2849 ldeur
792 2796 900 2863 recepit
918 2796 1015 2849 Carrio
1033 2799 1062 2850 in
1085 2800 1127 2851 od.
1147 2799 1245 2865 Stopb.
1264 2804 1319 2861 (a),

146 2864 204 2916 uisi
221 2864 294 2929 qnod
313 2863 362 2915 hio
378 2862 533 2924 amicitias
554 2863 634 2915 Pont.
651 2862 700 2927 qul
718 2863 857 2915 restituite
874 2866 968 2930 quihus
984 2866 1027 2917 aet
1042 2866 1154 2918 muitum
1169 2881 1197 2916 se
1215 2866 1320 2917 Arbiter
1352 2864 1354 2869 ’

145 2933 272 2991 sacrauit,
290 2930 448 2982 adnotavit:
467 2929 594 2994 „Tamem
611 2931 683 2995 qnod
697 2930 830 3011 suggerit
842 2930 1016 2997 Stephanum
1038 2934 1138 2997 Quibus
1149 2932 1191 2983 acl
1207 2933 1320 2984 multans

145 3016 204 3051 esse
218 2999 363 3059 Arbitrum,
381 2997 406 3049 si
426 3014 460 3049 ox
478 2997 561 3049 libris
574 3003 628 3060 cst,
644 3014 698 3048 uon
717 2997 891 3064 displicebit,
930 2998 982 3050 uod
1001 3000 1035 3051 ab
1053 2999 1120 3052 aliis
1138 2997 1253 3051 iamdiu
1269 3000 1321 3051 olr-

145 3073 304 3119 aenaeum:
324 3066 361 3117 ln
376 3066 470 3131 quidm
485 3069 560 3117 etc.“
593 3080 621 3117 so
635 3066 717 3117 abest
730 3079 749 3116 a
767 3066 883 3117 membr.
928 3066 1002 3117 arth.
1018 3068 1036 3119 l.
1053 3083 1077 3119 c.
1095 3094 1129 3107 -
1145 3066 1317 3118 miratorii.

146 3160 182 3173 -
202 3135 342 3199 protimus
365 3134 476 3185 delicias
498 3132 529 3184 1¹¹.
551 3160 585 3171 -
610 3150 629 3183 a
648 3133 767 3184 sacrario
790 3135 867 3199 (sup.
890 3133 918 3197 e)
942 3133 992 3185 Βῆ.
1144 3138 1169 3187 9.
1206 3136 1250 3186 Ea
1267 3133 1319 3187 his

146 3201 189 3253 m
208 3200 278 3251 Edd.
298 3205 410 3267 practer
425 3214 453 3267 g.
472 3226 507 3237 -
529 3202 657 3252 uinctum
674 3200 744 3251 Mas.
762 3199 991 3267 r·gBra.Ban.ln
1026 3200 1142 3253 uirtutis
1159 3200 1216 3252 s·b.
1234 3226 1267 3241 -
1281 3204 1320 3268 fle

146 3269 265 3321 mado
287 3268 383 3319 divisio
408 3267 439 3317 [ι.
479 3267 544 3318 Huc
564 3267 676 3319 ridetur
704 3268 845 3333 pertinere
871 3269 944 3334 qnod
972 3268 1080 3335 legitur
1105 3267 1133 3320 in
1158 3284 1249 3335 marg.
1274 3268 1320 3321 ed.

145 3336 239 3388 Stocr.
259 3335 293 3401 [a.
309 3336 329 3385 Ι.
348 3338 424 3386 last.
441 3334 527 3401 12⁰.],
553 3336 666 3399 duecte,
696 3336 770 3387 unde
787 3335 863 3388 Pont.
885 3336 969 3401 paulo
984 3350 1071 3403 supra
1091 3335 1163 3389 coni.
1181 3336 1320 3404 sapientia

146 3405 298 3456 dissecto
315 3402 444 3464 eliminat,
463 3417 618 3468 provocans
634 3402 670 3455 ad
687 3401 801 3454 festum
820 3408 849 3455 et
866 3403 1008 3455 Plautum.
1027 3430 1060 3443 -
1078 3406 1131 3455 Aes
1166 3404 1220 3455 s'ac
1239 3403 1319 3470 r·g(1'r

146 3470 241 3535 „quod
264 3469 348 3523 valdo
367 3471 497 3536 probem,
528 3469 554 3521 si
574 3486 647 3537 quae
670 3470 822 3522 habuerint
837 3473 1024 3523 membranas.
1059 3469 1138 3522 Phae
1160 3486 1208 3521 rus
1229 3469 1320 3521 libros

147 3554 217 3589 auos
234 3538 418 3605 Accepturum
429 3537 588 3601 fabularum
605 3536 746 3600 inscribit,
762 3538 844 3589 Theo
866 3537 995 3604 sophista
1013 3533 1195 3593 nuecelone
1212 3530 1319 3599 λόγους,

147 3603 329 3671 Aphthonius
345 3599 511 3656 Αἰσώπειον
529 3603 653 3669 μῦθονέ(
671 3606 756 3658 Gran.
776 3608 808 3644 -'-
826 3607 930 3671 quidem
948 3610 1134 3671 argumentum
1152 3601 1204 3651 ttt.
1220 3625 1253 3638 -
1270 3616 1319 3651 ra·

142 3675 236 3739 sertas·
255 3676 410 3752 (suppra)
432 3670 506 3721 rna
529 3698 558 3709 -
581 3680 608 3724 et
624 3673 705 3723 hasa
724 3675 780 3724 ἰαω
802 3672 872 3737 mgb
895 3672 1015 3733 „melior
1033 3671 1061 3719 et
1083 3668 1199 3733 linguae
1218 3682 1321 3717 conve-

148 3738 272 3791 nientior
289 3740 402 3791 lactro.“
421 3738 506 3789 Zeun.
520 3764 556 3776 -
575 3739 705 3803 fabulosa
721 3739 843 3790 namatio
861 3734 1000 3788 a-bPssm.
1018 3758 1051 3772 -
1072 3741 1103 3786 ut
1119 3733 1320 3785 cerimoniarum

148 3813 183 3868 (r
196 3815 227 3858 ut
238 3814 313 3858 sant
329 3805 431 3871 emim)
447 3821 526 3858 sacra
542 3806 654 3858 Hesiodi
668 3815 695 3859 et
714 3806 812 3873 Orphei
827 3807 895 3868 (cm.
914 3812 944 3857 ut
959 3818 1009 3853 nec
1028 3799 1122 3867 posita
1138 3799 1320 3852 distinctions

147 3881 217 3928 ante
231 3874 356 3934 Haterii)
374 3889 435 3940 r-g.
469 3871 611 3937 „Probins
627 3874 699 3926 duae
717 3878 827 3927 veteres
845 3872 1023 3924 membranae
1039 3867 1204 3937 disiungunt
1219 3866 1321 3921 baea.“

183 4012 211 4059 8.
246 4004 415 4077 mgummta]
445 4002 565 4070 Quintil.
584 4002 713 4066 11‚t,a
760 4002 899 4068 miramur]
925 4000 1044 4055 Scilicet
1065 4001 1093 4083 ip
1110 3998 1321 4079 Metamorpho-

149 4084 392 4157 ‘'⁸⁸¹³'‘-'¹²“¹”’
415 4072 640 4202 ἕἭὟ.
664 4070 711 4187 “t
760 4070 1086 4191 :pelleremur
1105 4067 1321 4199 tticum

149 4143 711 4275 :gospntpaeppoqpaippmgpfflrpffi
762 4222 796 4258 ea
820 4204 878 4257 Sat.
905 4205 968 4267 vlt,
994 4209 1024 4265 3,
1050 4174 1097 4254 2δέ
1126 4152 1211 4267 ΡΟυοιί
1235 4190 1329 4271 μηνί

150 4278 258 4348 goediis
275 4284 356 4343 atque
377 4274 538 4326 minibus
555 4290 608 4324 noa
625 4289 644 4323 a
663 4287 711 4323 as·
761 4272 976 4340 (scommatum)
990 4279 1089 4326 unaue
1105 4270 1145 4323 ita
1160 4269 1322 4351 ludicrum

149 4347 234 4398 ritate
249 4344 327 4397 meda
341 4344 387 4395 scd
402 4344 484 4397 maus
499 4357 518 4393 a
533 4343 622 4404 {orma
638 4340 711 4393 osri-
760 4359 823 4394 non
839 4347 1012 4409 putarunt,
1031 4346 1061 4391 at
1077 4344 1103 4392 ot
1116 4336 1271 4390 Aristoteles
1289 4336 1322 4387 de

150 4413 218 4469 tatis
235 4417 344 4463 sensu.
761 4410 828 4477 ipsis
846 4409 940 4475 aliqua
957 4406 1151 4475 consaipscrit,
1170 4412 1196 4459 ct
1212 4405 1323 4457 Plutar-

185 4479 231 4533 aal
246 4478 390 4548 Apuleiana
403 4490 600 4543 manum
617 4473 712 4531 lusisse
763 4478 827 4533 chus
844 4484 971 4547 etosstcr
991 4475 1157 4545 Apuleius.
