2942 4859
571 177 764 226 amareris.
1216 160 1277 225 XV

53 330 92 396 de
115 328 346 417 ortbograpbia:
378 337 445 395 tum
470 328 545 414 (cap.
568 326 634 413 lv.)
659 325 699 393 de
723 346 831 393 conam
854 322 924 391 latis
944 314 980 392 el
997 326 1036 393 de
1053 327 1181 395 dirersis
1200 353 1277 420 quas

53 431 138 497 docti
160 430 300 497 bominac
320 430 359 497 de
380 430 417 496 iis
439 430 632 517 protulerunt
653 426 824 493 sententiis:
847 427 980 514 denique
1001 432 1176 499 enumeravi
1201 436 1275 523 (cap.

55 535 102 621 V.)
129 532 253 599 codices
278 552 372 599 manu
392 532 522 619 scriptos
546 529 659 617 quibm
679 550 756 595 usus
780 549 862 606 sum,
885 537 918 595 et
939 530 1015 617 (cap.
1037 532 1102 619 Vb]
1126 534 1276 605 editiones

55 644 212 722 quotquot
231 643 286 703 aut
306 656 364 721 ego
386 634 448 701 vidi
469 632 575 699 autin
595 631 699 719 aliqua
720 629 907 698 bibliotheca
929 631 1057 699 inveniri
1077 656 1116 700 ex
1135 637 1202 704 aliis
1221 661 1274 706 au·
1323 681 1330 699 .

55 737 126 803 divi.

142 940 180 1005 ln
201 960 320 1006 summa
341 939 448 1025 quavis
468 938 579 1026 pagina
598 957 661 1001 non
682 944 802 1003 tantm
825 935 937 1002 librum
958 938 1075 1017 notari,
1105 942 1160 1007 sed
1184 944 1276 1011 etiam

55 1041 98 1125 (id
125 1040 210 1127 quod
237 1040 398 1127 bucusque
423 1040 454 1105 in
481 1039 546 1105 sola
570 1038 704 1105 editione
727 1038 924 1105 Gronoriana
947 1036 1060 1105 facum
1082 1043 1139 1129 est)
1164 1046 1276 1132 capita:

55 1142 176 1227 singula
197 1142 295 1229 capita
320 1142 408 1209 divisi
430 1140 462 1207 in
483 1138 702 1228 paragrapbos:
732 1150 874 1228 excerpta
896 1162 915 1206 e
940 1140 1018 1205 libro
1040 1140 1079 1207 de
1099 1143 1277 1214 differentiis

55 1252 87 1307 et
105 1244 304 1311 societatibus
326 1244 436 1311 Graeci
453 1243 616 1330 Latinique
633 1242 717 1309 verbi
737 1250 770 1309 et
789 1242 896 1307 incerti
918 1243 1053 1309 auctoris
1074 1242 1275 1331 fragmentum

56 1344 94 1410 de
113 1345 209 1411 verbo
228 1346 374 1434 incapita
393 1354 426 1411 et
446 1345 477 1411 in
492 1342 710 1432 paragrapboa:
731 1342 803 1409 buie
823 1343 928 1409 addidi
942 1345 1160 1414 analectorum
1176 1372 1275 1436 gram.

55 1446 238 1513 maticorum
261 1454 292 1513 et
313 1448 517 1534 paragrapbos
535 1456 567 1512 et
583 1447 717 1532 paginas,
740 1445 885 1531 operibus
905 1446 1111 1514 Macrobianis
1133 1451 1278 1521 editionis

19 1588 21 1613 ι
53 1548 240 1633 Bipontinaa
261 1547 395 1633 paginas.
440 1547 538 1613 Alteri
555 1546 716 1624 volumini,
744 1547 829 1631 quod
850 1546 910 1611 boc
931 1546 999 1631 ipso
1020 1569 1101 1615 anno
1120 1573 1170 1617 me
1187 1556 1276 1620 abso·

52 1647 196 1715 lumnam
223 1668 291 1713 esse
321 1667 425 1733 spero,
455 1646 607 1713 addentur
637 1644 789 1723 indices,
818 1665 899 1710 unus
929 1648 1125 1731 scriptorum,
1154 1654 1186 1717 in
1215 1674 1278 1738 qno

19 1808 20 1815 ,
51 1748 249 1813 enumerabo
278 1767 386 1813 omnes
416 1747 501 1813 locos
527 1768 545 1811 a
568 1746 728 1813 Macrobio
751 1746 861 1811 citatos
883 1755 916 1811 et
939 1746 1086 1813 disseram
1109 1750 1148 1819 de
1177 1754 1278 1821 minus

22 1926 28 1946 ‚
53 1848 192 1934 cognitis
226 1848 438 1933 scriptoribus,
475 1847 551 1913 alter
575 1866 678 1912 rerum
704 1856 736 1912 et
761 1848 923 1914 verberum
956 1848 1110 1934 prioribus
1143 1854 1276 1944 locuple·

54 1952 127 2017 tior.

144 2150 196 2217 ad
217 2149 344 2217 lemnam
369 2157 402 2217 at
420 2150 552 2237 speciem
574 2149 666 2217 buius
691 2149 761 2216 libri
781 2150 865 2236 quod
887 2153 1011 2233 attinet,
1040 2155 1216 2245 mdemptor
1240 2184 1278 2229 er
1338 2146 1343 2155 ¹

60 2252 165 2319 eadem
188 2272 281 2339 quam
306 2272 399 2340 supra
424 2252 590 2319 memoravi
619 2272 711 2317 causa
736 2272 830 2339 quarn
855 2254 986 2321 maxime
1011 2258 1109 2344 spatio
1132 2264 1278 2349 pepercit,

62 2376 121 2421 non
141 2354 267 2420 omnino
287 2362 391 2421 tamen
410 2354 547 2441 neglecta
569 2352 731 2441 elegantia:
760 2375 824 2439 quo
845 2351 959 2421 lactum
981 2365 1041 2435 est,
1069 2367 1119 2437 ut,
1149 2372 1278 2447 quanm.

63 2476 193 2543 cumque
216 2455 319 2521 addita
348 2463 432 2534 sunt,
462 2453 538 2521 baec
563 2454 657 2520 editio
682 2453 775 2539 paulo
798 2463 923 2539 superet
945 2457 1124 2542 paginarum
1150 2483 1280 2531 numero

62 2558 264 2645 llipontinam
298 2556 412 2623 blenda
430 2554 513 2621 baud
531 2554 574 2620 ita
594 2553 697 2639 gravia
718 2553 853 2639 quidam,
870 2556 923 2621 sed
945 2558 1032 2644 plura
1050 2581 1143 2647 quam
1162 2566 1279 2646 vellem,
1423 2558 1434 2573 ’

62 2660 260 2747 irrepscmnt:
281 2657 369 2723 cuius
383 2656 432 2749 ¹roi
448 2656 537 2745 culpa
555 2656 621 2743 ipsa
640 2656 690 2721 illo
707 2676 770 2721 oon
789 2655 890 2723 minus
906 2680 1038 2745 premor,
1055 2685 1126 2729 nam
1143 2666 1279 2753 singulae
1343 2689 1350 2704 *

60 2762 198 2848 plagulae
218 2768 289 2825 ante
313 2780 404 2846 quam
426 2758 511 2845 prelo
532 2758 756 2825 subiicerentur
774 2758 813 2823 ad
833 2781 883 2825 me
901 2750 1113 2845 mittebantur,
1133 2768 1188 2833 sed
1208 2791 1278 2835 cum

59 2862 206 2929 nonnulla
231 2860 324 2928 etiam
349 2862 381 2926 in
405 2860 441 2926 iis
464 2880 544 2946 quae
567 2868 657 2925 antea
681 2857 861 2946 scripseram
893 2861 1023 2929 solerem
1054 2868 1218 2953 corrigere,
1247 2879 1280 2937 ct

59 2966 128 3053 plus
148 2963 242 3030 semel
262 2970 348 3029 tanto
370 2962 508 3028 locorum
526 2960 683 3027 intervallo
701 2959 841 3046 plagulae
859 2962 939 3029 mitti
958 2986 1021 3029 non
1037 2976 1172 3053 possent,
1194 2968 1281 3037 facile

59 3066 126 3133 lieri
148 3072 278 3153 poterat,
298 3071 335 3130 ut
352 3085 390 3129 ex
405 3064 470 3151 ipsa
487 3070 661 3129 correctura
681 3083 760 3127 nora
780 3062 934 3129 orirentur
950 3074 1057 3133 errata
1102 3070 1193 3149 Quae
1212 3095 1279 3162 rep·

60 3170 140 3257 peri,
163 3168 194 3231 in
214 3166 410 3251 Corrigendis
431 3163 602 3232 amandavi:
632 3162 699 3241 aad,
721 3163 747 3229 si
769 3184 830 3249 qua
853 3162 932 3231 lorte
953 3171 1154 3238 remanserint
1174 3174 1206 3239 in
1226 3198 1278 3264 ap-

59 3276 172 3358 paratu
191 3267 311 3345 critico,
330 3288 369 3333 ne
389 3266 459 3354 quis
480 3274 587 3353 postea
606 3286 744 3352 unquam
763 3266 802 3331 ad
821 3267 1014 3335 Macrobium
1033 3277 1278 3358 pertractandum

59 3372 106 3439 val
128 3369 353 3437 emendandum
373 3388 533 3454 aggressus
555 3365 679 3433 baereat
702 3368 879 3455 ambiguus,
908 3392 1122 3459 quaecumque
1143 3376 1242 3444 babeo
1262 3400 1280 3445 e

60 3471 220 3539 codicibus
243 3468 455 3557 manuscriptis
480 3476 620 3556 excerpta
647 3490 716 3535 cum
743 3470 886 3537 omnibus
911 3493 988 3558 quas
1014 3475 1113 3541 coemi
1138 3476 1279 3544 editioni-

61 3576 118 3641 bus
141 3573 173 3639 in
194 3572 342 3659 gymnasii
363 3570 575 3649 Ludovieiani,
591 3568 675 3657 quod
698 3579 747 3635 est
769 3570 958 3653 Suevolurti,
980 3575 1164 3643 bibliotheca
1185 3578 1279 3667 depo-

61 3698 130 3743 nam
152 3674 338 3760 cuicumque
358 3672 491 3761 petimro
513 3672 669 3739 mittenda.

34 3906 38 3918 ·
146 3876 189 3945 Ut
218 3880 322 3941 autem
352 3876 497 3942 nonnulla
516 3874 710 3961 deliquisse,
745 3875 787 3940 ita
818 3875 914 3941 multa
947 3878 1108 3964 reliquisse
1138 3899 1188 3945 me
1217 3903 1280 3948 non

60 3982 178 4067 ignoro.
224 3976 290 4059 Qui
313 3996 386 4043 raro
412 3975 451 4041 da
476 3975 535 4041 boe
560 3997 630 4042 mco
655 3996 749 4061 opere
774 3976 991 4064 qualicumque
1012 3987 1085 4045 sunt
1108 3980 1281 4062 iudicatori,

61 4104 115 4149 eos
134 4078 224 4147 velim
245 4086 383 4165 rogatos,
407 4085 444 4142 ut
462 4098 526 4142 non
544 4076 583 4142 ad
604 4076 653 4143 illa
673 4084 794 4142 mamm
815 4078 992 4165 respiciant,
1015 4080 1070 4148 sed
1091 4082 1183 4149 etiam
1205 4085 1280 4171 quid

60 4182 176 4270 egerim
198 4186 376 4267 agnoscant:
395 4186 489 4265 atque
509 4186 651 4244 accurate
672 4177 776 4244 omnia
797 4182 979 4265 persemtati
999 4182 1059 4249 boc
1077 4184 1152 4252 mibi
1169 4206 1280 4255 concc-

24 4342 25 4377 ,
62 4284 149 4363 dant,
183 4300 396 4370 quaecumque
426 4280 458 4345 in
484 4279 637 4368 prioribus
664 4280 807 4347 omnibus
833 4281 1018 4351 editionibus
1043 4285 1183 4371 legantur
1212 4308 1280 4375 per·
1386 4352 1392 4367 ,

24 4388 25 4397 ’
63 4384 191 4452 fluentia
222 4385 262 4450 ad
296 4382 488 4450 Macrobium
525 4383 604 4469 [narn
639 4404 719 4468 quae
752 4382 803 4448 alii
843 4384 1091 4453 adnotationibus
1130 4388 1194 4453 suis
1235 4389 1280 4453 in-

64 4493 226 4552 seruerunt
247 4484 359 4563 abana,
388 4506 424 4550 aa
449 4484 589 4550 consulto
614 4484 713 4570 omisi)
740 4492 772 4549 et
797 4484 856 4551 alia
878 4496 1033 4573 praetcrea
1058 4488 1140 4553 baud
1163 4486 1280 4552 inutilia
