2942 4859
568 100 763 149 muse».
1195 80 1276 148 Xlss

56 247 194 331 legisset,
217 268 281 315 non
298 248 375 335 quid
394 247 567 335 scripsisset
588 248 711 327 Cicero,
732 249 841 334 qrraeri
860 248 936 317 milri
958 249 1138 320 ridebatur:
1156 270 1217 337 rprc
1238 271 1277 317 rr

57 351 271 419 cerseolium
299 372 335 417 ee
358 350 422 419 iere
445 352 609 421 derivanda
633 359 720 428 eunt,
752 352 784 417 in
811 351 924 437 quibus
950 374 968 419 a
991 354 1026 419 F.
1053 352 1182 420 osnes
1208 372 1276 419 mee

57 452 136 517 ratio
157 451 308 519 d'usentit
349 455 387 519 ln
407 454 558 541 excerptis
580 474 598 519 e
620 454 700 521 libro
720 453 763 521 de
783 452 1006 521 differentiis
1030 463 1067 521 et
1090 455 1275 522 societati-

58 554 124 620 bus
156 553 285 621 Graeci
315 554 508 642 Latinique
538 555 639 623 verbi
670 556 922 624 Vindobonensie
951 557 1023 642 (rid.
1052 557 1220 643 prolegom.
1246 578 1275 643 p.

59 678 127 721 xrrr.
144 658 201 742 sq.)
221 656 338 742 signavi
360 678 453 743 supra
472 658 575 744 posito
593 658 625 723 in
645 658 740 727 nter
758 658 869 743 pagins
882 659 942 728 ln.
960 660 1005 737 V„
1019 660 1052 726 in
1068 660 1162 725 altera
1175 660 1235 725 Bi.
1251 681 1276 736 s,

58 755 158 841 iisque
177 757 292 823 inserui
312 760 400 825 uncis
419 761 553 827 inclusos
572 761 706 847 capitum
726 780 871 825 numeros
885 761 1104 827 Analeetorrrm
1126 782 1275 849 gremmq·

59 858 205 937 tinorum,
234 860 318 927 unde
342 883 379 927 ea
403 872 525 948 sumpla
549 872 631 931 sunt
675 863 712 929 ln
741 862 1019 929 Commentariis
1041 871 1075 929 et
1097 864 1129 929 in
1154 862 1275 929 Satur-

59 961 203 1029 nalibus
224 962 316 1029 etism
338 963 528 1049 singrdonrrn
551 966 685 1051 capitum
705 964 872 1031 sumans
890 964 929 1031 ab
949 965 1088 1031 ernoldo
1107 964 1278 1031 Vesrlienei
1335 993 1341 999 ·

59 1064 231 1149 conscripta
252 1065 283 1131 in
304 1065 364 1133 boc
379 1066 655 1153 apparntnorr'tico
670 1088 764 1133 suurn
782 1067 892 1137 locum
904 1065 1151 1137 beborecemni
1182 1065 1278 1146 Quod

59 1165 156 1231 eidem
179 1165 294 1233 inserrn'
318 1170 491 1236 seniores
516 1170 654 1235 locorum
678 1178 712 1235 et
735 1169 775 1235 rr
799 1188 880 1255 quos
904 1178 959 1235 aut
983 1168 1199 1235 antecedentes
1222 1176 1279 1233 sut

59 1276 222 1352 sequentes
242 1268 275 1335 in
294 1290 352 1336 srro
372 1291 465 1357 opere
485 1272 611 1358 respicit
624 1270 817 1349 Macrobius,
849 1278 983 1357 etquos
1004 1272 1094 1338 eser
1111 1291 1183 1336 curn
1202 1270 1277 1336 slie-

59 1390 128 1435 rum
148 1378 216 1437 tum
238 1372 395 1439 Cbmonir
416 1372 448 1439 in
469 1372 704 1441 (lormnentariis
724 1372 765 1439 nd
783 1373 853 1439 eins
875 1372 1036 1439 Somnium
1059 1372 1226 1458 Scipionis,
1245 1372 1279 1437 id

59 1472 160 1556 primo
180 1472 248 1551 ieci,
265 1474 349 1559 qrrorl
368 1474 443 1539 nibil
464 1482 621 1560 praeterea
641 1474 715 1541 lruic
735 1474 864 1541 editioni
884 1494 967 1540 erem
985 1474 1155 1552 additurus,
1169 1474 1279 1541 deinde

58 1573 145 1639 nolui
169 1575 338 1660 quidquem
356 1583 488 1652 mutue,
514 1576 589 1659 quis
608 1576 653 1639 sic
672 1574 731 1639 bre
750 1575 926 1641 notationes
945 1575 1107 1639 mirn'rnnra
1128 1582 1280 1659 occupnt

56 1676 161 1760 spatii,
176 1684 208 1739 et
229 1676 304 1759 qnia
324 1696 387 1739 non
407 1695 476 1741 rere
497 1675 600 1741 ualent
621 1674 660 1740 ad
684 1673 776 1741 lidern
797 1675 965 1759 scripturae
985 1675 1076 1740 alicui
1095 1683 1151 1741 ent
1167 1674 1280 1741 incien-

55 1778 133 1841 dam
151 1783 206 1841 eut
226 1774 454 1843 debrbmdarn

147 1979 237 2059 Quos
258 1978 450 2064 potissimum
473 1977 595 2048 codor
609 1986 733 2047 secrrtus
755 1978 867 2047 sinin
885 1978 1117 2047 emendandis
1139 1979 1279 2047 linero-

60 2082 110 2148 bii
132 2080 305 2166 oporibus
323 2080 528 2147 dmrombsri
549 2080 581 2145 irr
605 2082 842 2167 prolegomenis,
877 2102 942 2168 cnp.
964 2082 1017 2148 Vn
1047 2082 1200 2168 reliqrnrm
1221 2090 1280 2159 eet,
1419 2078 1422 2081 ’

22 2170 39 2233 l
60 2192 97 2248 nt
118 2183 157 2248 de
180 2183 298 2248 ratione
318 2181 481 2249 dinsndm
504 2204 574 2249 esse
595 2184 746 2263 rideatur,
781 2205 843 2271 qun
868 2184 900 2249 in
920 2183 1151 2261 constituendo,
1186 2204 1281 2269 quern

22 2292 33 2333 ἲ
61 2286 181 2363 dieunt,
215 2284 378 2354 verborum
411 2293 559 2351 contestu
589 2306 665 2353 usus
701 2286 768 2353 aim.
813 2286 874 2352 vix
898 2293 946 2351 est
970 2285 1061 2372 quod·
1080 2306 1223 2351 mneenr
1247 2285 1280 2349 in

22 2394 32 2435 ¹
64 2386 213 2452 eiusmodi
236 2386 413 2472 praeurtirn
439 2386 588 2473 scriptore
618 2388 831 2455 auctoritatem
862 2386 1004 2453 codicum
1033 2386 1198 2470 plurimum
1228 2398 1280 2449 rei

64 2488 133 2555 lere.
177 2488 362 2574 Ubicunque
380 2487 474 2573 igitur
492 2488 650 2573 probabile
670 2487 887 2573 quidcodices
904 2487 1097 2566 exhibebant,
1117 2486 1149 2552 id
1169 2486 1281 2572 recepi.

64 2610 82 2653 e
117 2590 327 2656 deterioribus·
351 2590 521 2667 dumtaxat,
557 2587 612 2653 ubi
642 2586 674 2654 id
706 2587 792 2674 quod
822 2587 855 2653 in
883 2587 1061 2655 melioribus
1089 2588 1281 2655 inveniebo·

64 2692 189 2757 ornnino
211 2712 274 2757 non
300 2690 461 2757 riddrstnr
484 2710 575 2777 posse
599 2690 731 2755 admitti:
763 2690 941 2775 ubicumque
964 2710 1037 2756 rern
1058 2692 1199 2757 codicum
1221 2712 1282 2776 ope

63 2814 146 2858 erem
169 2792 344 2869 destituere,
361 2792 392 2857 id
409 2792 493 2877 qnod
508 2792 683 2859 coniectura
705 2813 755 2857 me
775 2813 866 2877 posse
882 2794 1007 2877 sesequi
1022 2794 1165 2877 putabam
1187 2792 1281 2857 malui

64 2896 94 2958 in
112 2894 309 2961 adnotatione
331 2916 444 2981 ponera
464 2914 556 2980 quam
578 2894 689 2959 eiicere
707 2893 902 2977 scripturam,
927 2894 1067 2978 qrramris
1086 2892 1204 2970 ialssnr,
1227 2914 1282 2958 co·

63 2997 166 3062 dicum
198 2996 244 3060 rel
274 2996 444 3063 &bionum
473 2996 671 3081 plurimarum
703 2994 886 3059 auctoritate
914 2994 1080 3072 firmatam,
1113 2992 1172 3059 nisi
1201 2992 1283 3060 inrtc

63 3118 190 3185 prorsus
211 3097 293 3163 nulla
317 3097 434 3163 mereri
456 3118 547 3183 porse
568 3096 728 3162 ridebatur
750 3095 915 3161 dubitatio:
947 3116 1010 3181 qus
1033 3096 1066 3161 in
1090 3105 1179 3163 rect
1202 3097 1282 3163 mori
1385 3150 1389 3157 .

63 3200 186 3267 dicendi
216 3199 372 3285 scriptoris
397 3208 430 3264 et
454 3199 545 3264 nexui
570 3198 789 3265 sententiarum
815 3198 978 3283 plurimum
1004 3199 1099 3264 tribui
1124 3198 1281 3265 momenti.

62 3302 206 3368 Liberius
229 3300 404 3367 oonnctmr
427 3321 503 3366 usus
525 3322 593 3365 sum
617 3300 649 3364 in
669 3300 820 3385 excerptis
840 3300 1059 3385 grammaticis:
1086 3309 1125 3365 ut
1149 3320 1283 3386 quornm

63 3426 145 3469 nnus
175 3412 294 3469 tanturn
324 3408 457 3468 exstaret
486 3402 583 3468 codex
614 3422 707 3467 menn
739 3401 879 3487 scriptus.
928 3402 1031 3481 Quem
1062 3402 1095 3467 in
1124 3401 1284 3467 Ciceronis

65 3506 194 3572 Somnio
226 3504 378 3591 Scipionis
409 3505 485 3590 (erp.
509 3504 555 3581 ll,
582 3513 601 3580 s
626 3504 666 3589 3.)
695 3504 798 3589 recepi
822 3502 1028 3569 coniectorem
1052 3524 1069 3567 a
1094 3505 1129 3568 F.
1154 3503 1283 3569 Osanna

66 3607 282 3693 improbatam,
318 3626 387 3671 earn
416 3606 518 3691 aliqua
548 3626 584 3670 ea
613 3613 700 3691 parte
729 3604 762 3669 in
786 3604 946 3671 Addendis
969 3602 1133 3670 defendere
1154 3614 1283 3671 conntrrs

66 3730 147 3775 sum:
178 3708 237 3773 alia
261 3706 411 3793 proferam
437 3707 496 3772 alio
522 3706 600 3771 loco.
648 3706 933 3792 interpungendi
962 3726 1030 3771 cern
1060 3713 1184 3771 secutus
1214 3725 1283 3771 sum

67 3813 230 3887 rationem,
259 3817 296 3875 ut
325 3817 510 3874 commatum
540 3807 779 3895 constringerem
804 3806 1021 3873 abundantiam
1047 3828 1108 3891 que
1134 3807 1283 3872 distrahe·
1315 3817 1317 3820 ’

67 3921 174 3981 rentur
192 3910 361 3978 sententiae
381 3909 518 3997 inprimis
540 3910 571 3975 in
593 3910 728 3976 editione
747 3908 921 3995 Bipontina,
965 3907 1083 3973 Sustuli
1104 3928 1178 3994 ergo
1199 3931 1282 3975 com-

68 4026 148 4081 nretrr
169 4032 358 4101 supervacue
380 4022 412 4081 et
435 4012 514 4079 inter
534 4018 710 4076 enumerata
736 4009 853 4093 singula
873 4008 1022 4075 vocabula
1044 4016 1077 4073 et
1098 4017 1170 4095 pest
1190 4012 1284 4096 pcrti-

22 4138 24 4219 q
67 4118 145 4204 cipie
171 4125 203 4181 et
226 4136 262 4181 ee
288 4114 401 4201 quibus
425 4112 653 4179 includerentur
677 4111 846 4177 sententiae
870 4110 1024 4187 relativae,
1055 4130 1134 4197 quae
1158 4112 1284 4198 quidem

68 4219 214 4284 attribute
239 4216 389 4303 qunedarn
413 4214 616 4284 continerent:
651 4212 705 4279 sod
729 4212 839 4299 reliqui
862 4234 913 4291 ca,
945 4212 1000 4278 ubi
1024 4213 1099 4299 qnid
1118 4214 1206 4300 quesi
1228 4235 1286 4301 per

22 4284 24 4337 l
69 4316 268 4407 capenam
292 4317 429 4384 odditunr
455 4338 523 4383 esse
546 4316 713 4393 rideretur,
743 4314 790 4381 rel
815 4314 870 4381 ubi
899 4314 1017 4381 sublate
1040 4314 1288 4401 interpunctione

70 4422 214 4508 implicite
238 4428 319 4487 esset
343 4420 500 4487 sententis.
546 4417 720 4485 Sernioolon
740 4440 811 4485 rero
827 4418 986 4505 usurpari,
1010 4418 1065 4483 rrbi
1086 4416 1209 4502 quidem
1230 4416 1286 4481 ra.
