2942 4859
191 112 253 179 tta
676 102 886 171 mcuouu

189 302 270 359 rem,
303 277 434 345 mutuati
464 296 572 341 sumus
598 274 769 341 altitudinis
798 272 987 339 intellectum
1009 292 1026 336 a
1046 270 1161 343 circulo
1188 271 1242 357 qui
1266 272 1371 357 magis

188 366 317 431 horizon
350 384 444 451 quam
473 360 663 427 meridianus
695 360 827 425 ridetur.
881 358 1028 424 Ceterum
1062 359 1134 423 volo
1167 354 1226 422 hoc
1259 366 1371 423 mente

189 451 354 539 percipias,
384 450 425 513 ita
446 470 504 513 nos
524 446 603 511 hauc
624 444 790 531 protulisse
813 464 1004 521 mensurum,
1036 452 1192 528 tamquam
1215 464 1235 508 a
1256 445 1286 507 D
1308 464 1371 528 per

139 538 238 623 [crept
260 534 419 621 usquead
441 533 478 611 C,
509 553 580 617 pars
600 532 706 596 terrae
722 529 865 615 superior
886 528 927 593 sit
952 530 1041 595 cuius
1063 538 1180 614 partem
1203 550 1260 594 nos
1279 530 1370 593 inco

189 623 291 696 limus,
314 628 346 685 et
366 640 384 684 a
402 620 433 684 D
453 638 509 704 per
529 618 560 682 B
578 636 677 701 usque
697 614 736 681 ad
759 616 870 701 Gpars
891 622 991 679 terrae
1011 613 1320 679 habeatur‘iuierior.

274 708 343 771 vtl.
385 706 453 771 Hoc
474 722 601 788 quoquc
621 709 755 767 tractatu
776 698 936 786 proprium
963 700 1072 765 sortito
1101 699 1193 765 lencm
1221 720 1305 765 nunc
1329 699 1370 763 il·

191 793 244 859 lud
271 790 355 877 quod
387 787 579 873 probandum
608 785 806 873 promisimus
837 784 1030 861 adunamus,
1071 784 1129 849 hos
1163 784 1303 870 cingulos
1333 794 1371 849 et

192 879 271 945 bene
298 876 461 941 Maronem
489 873 575 938 caelo
606 872 739 937 athene
767 878 866 937 terrea
895 869 1070 954 adsignasse
1099 870 1298 949 Giccmnarn,
1333 878 1370 935 ct

161 968 360 1046 dutrumque
381 979 444 1025 nou
468 957 673 1043 discrepantia
698 956 753 1021 scd
780 976 915 1021 consona
941 955 1110 1041 cademque
1135 954 1257 1021 dixisse.
1300 957 1368 1023 Na-

192 1058 261 1116 tura
285 1046 369 1111 enim
394 1044 471 1109 caeli
501 1043 580 1108 hane
606 1042 638 1106 in
665 1040 793 1107 diversis
816 1049 915 1106 terrae
941 1040 1081 1125 partibus
1108 1041 1288 1125 temperiem
1318 1042 1369 1105 ni·

192 1134 416 1215 mietatemque
438 1128 595 1206 distinxit,
631 1134 664 1191 et
684 1126 816 1211 quattus
838 1125 886 1192 vcl
908 1123 1029 1210 frigoris
1056 1125 1102 1191 vel
1122 1125 1247 1204 caloris,
1283 1148 1369 1213 quac

191 1218 320 1285 cuilibet
339 1213 473 1280 aetheris
495 1212 575 1297 perti
594 1212 690 1277 semel
709 1210 857 1289 inhaesit,
879 1210 985 1277 eadem
1007 1210 1104 1275 inficit
1122 1218 1241 1297 partem
1262 1220 1369 1277 terrac

162 1307 183 1371 3
214 1322 286 1368 uam
311 1299 443 1384 despicit
468 1296 642 1363 ambiendo.
692 1298 735 1361 Et
761 1295 834 1383 quia
863 1294 918 1361 has
946 1296 1139 1361 diversitates
1165 1318 1245 1382 quaa
1272 1298 1369 1363 certis

192 1326 307 1453 denibus
335 1385 540 1450 terminantur
571 1382 620 1448 cin
664 1382 710 1447 los
744 1381 775 1447 iu
807 1381 892 1445 caclo
923 1388 1124 1459 vocaverunt,
1165 1402 1289 1448 necesse
1317 1390 1370 1449 est

190 1471 321 1539 totidem
344 1469 483 1554 cingulos
503 1468 596 1533 etiarn
643 1466 671 1531 ic
691 1466 846 1551 intellegi,
879 1465 959 1531 sicut
983 1467 1015 1532 iu
1037 1466 1217 1533 brevissimo
1239 1468 1369 1553 speculo

190 1579 265 1624 cum
286 1554 379 1622 lacius
402 1561 593 1619 monstretur
613 1554 737 1638 ingens,
767 1559 876 1617 teuent
895 1551 928 1615 in
951 1560 1081 1638 angusto
1101 1551 1239 1617 membre
1260 1554 1308 1619 vel
1331 1553 1370 1617 li·

194 1644 351 1710 niemeuta
373 1639 514 1704 ordinem
536 1658 631 1724 quern
652 1658 707 1703 sua
734 1638 767 1701 iu
794 1658 867 1703 vero
890 1636 1058 1735 digesserat
1082 1638 1261 1723 amplitudo.
1304 1638 1367 1705 Sed

195 1729 246 1794 hic
276 1746 340 1811 quo
384 1746 402 1789 e
435 1722 596 1789 adserendi
631 1722 716 1807 quod
749 1721 862 1789 dicitur
892 1742 1068 1805 mruuemus
1099 1724 1235 1789 laborem
1266 1724 1368 1789 oculis

167 1812 334 1882 asmicien
356 1832 376 1875 c
402 1809 562 1894 picturam.
603 1808 681 1873 Esto
701 1807 785 1873 enirn
807 1806 882 1873 caeli
905 1806 1034 1893 sphaera
1055 1808 1204 1886 ABGD,
1232 1817 1265 1874 et
1284 1809 1367 1875 iutra

194 1920 232 1965 se
253 1895 376 1961 claudat
396 1893 557 1979 sphaeram
579 1900 690 1970 terrae,
711 1894 761 1958 cui
782 1892 913 1977 ascripta
933 1902 1007 1958 sunt
1029 1891 1089 1959 ΒΧ
1098 1894 1127 1959 T
1131 1894 1164 1970 U,
1185 1901 1217 1959 et
1236 1894 1370 1961 duratrrr

198 1984 231 2049 iu
251 1980 327 2047 caeli
349 1978 480 2066 sphaera
500 1977 635 2045 circulus
654 1978 903 2065 septentrionalis
923 1978 962 2043 ab
984 1979 1121 2067 Iusque
1143 1979 1176 2043 in
1199 1980 1242 2059 0,
1268 1980 1367 2067 tropi-

262 2151 332 2205 dlee.
351 2148 578 2213 BCFSPRHGJ

193 2246 218 2291 t.
253 2236 374 2290 imitati
390 2251 480 2287 ruse
496 2251 559 2303 r-g.
575 2260 610 2273 -
626 2233 734 2285 videtur
753 2230 842 2284 cPtta
858 2231 936 2295 runt
956 2248 1043 2286 esee.
1062 2238 1113 2295 m.)
1132 2232 1366 2303 r-gGDTuBrn.

193 2307 327 2359 uideatur
344 2302 427 2356 e-ls0.
462 2303 591 2353 tutetur
608 2298 652 2352 BS
672 2301 727 2361 (Rl
749 2316 811 2368 up.
832 2306 892 2361 rud.
926 2310 1055 2353 vocatur
1072 2300 1094 2353 F
1112 2318 1129 2357 a
1149 2320 1175 2369 p.
1195 2320 1230 2353 nr.
1249 2332 1283 2341 —
1304 2302 1367 2355 leue

193 2382 278 2428 enente
295 2371 328 2423 Β.
362 2372 411 2425 loa
429 2387 557 2439 qunque
571 2376 656 2422 neate
674 2367 730 2420 Τι.
750 2394 785 2409 ·-·
806 2370 978 2437 perspicius
997 2369 1050 2421 Ht.
1069 2396 1105 2409 -
1125 2388 1173 2423 noe
1190 2386 1243 2423 om.
1262 2370 1312 2421 lit.
1330 2398 1366 2409 -

191 2441 346 2512 pertulisse
362 2455 389 2489 v.
423 2438 603 2507 praetulisse
621 2441 697 2504 stt-g.
716 2463 750 2474 -
769 2454 851 2503 esque
872 2438 978 2497 Ctnrn.
996 2439 1048 2498 ud)
1066 2436 1123 2489 CG.
1138 2464 1173 2477 -··
1193 2439 1366 2506 superioreit

254 2514 422 2578 pariterue
443 2522 498 2558 our.
521 2506 552 2557 P.
579 2532 612 2543 -
641 2506 761 2573 aperior
778 2506 812 2556 eit
830 2520 923 2572 quern
941 2505 1079 2559 mentiones
1100 2505 1154 2557 Hl.
1186 2534 1214 2545 -
1241 2508 1369 2573 espect}

193 2586 263 2641 (om.
279 2577 331 2635 ud)
349 2574 372 2624 0
388 2573 444 2635 (Bt
462 2590 527 2625 eum
545 2578 624 2635 ιιι).
939 2607 943 2615 -

263 2644 321 2695 t'tt.
362 2644 450 2709 Caput
474 2642 536 2693 Vll.
572 2642 606 2693 te
622 2640 696 2693 coelo
712 2638 818 2701 eundern
835 2638 920 2691 inesse
937 2654 1034 2701 eones,
1066 2655 1135 2707 pue
1155 2640 1245 2693 inruet
1263 2647 1365 2703 terrare

194 2720 275 2779 utque
290 2726 398 2763 uerum
413 2708 494 2761 luisse
508 2710 672 2761 monstratu
688 2724 744 2759 eree
761 2706 856 2758 selenc
877 2706 924 2774 qui
939 2714 969 2759 ut
985 2724 1092 2759 urcem
1107 2725 1156 2760 erro
1172 2724 1254 2761 eust·
1269 2709 1366 2761 caloris

193 2788 247 2840 eet,
265 2779 305 2832 ita
322 2794 424 2840 recessu
444 2778 537 2845 trigae
553 2776 664 2829 inducit.
690 2774 771 2825 ele-b.
924 2775 949 2824 1.
980 2789 1158 2841 prosperare
1174 2777 1365 2841 sortitufinern

192 2848 383 2914 reponendum
405 2843 515 2897 ridetur
534 2843 640 2895 Zeuuio
658 2859 703 2894 ree
724 2838 823 2895 icieutl
844 2840 879 2893 ed
900 2840 1080 2893 librariorum
1103 2842 1175 2898 illud
1187 2844 1305 2909 feliciter
1319 2860 1365 2895 es·

191 2916 283 2983 prlicit,
306 2920 335 2965 ct
352 2910 584 2965 conenetudiueer
601 2912 729 2963 Socrates
747 2909 820 2975 apud
840 2908 985 2960 Platonem
1005 2909 1032 2959 in
1051 2910 1172 2973 Phued„
1192 2910 1239 2963 ulti
1258 2911 1364 2977 passim

195 2983 351 3049 disputatio
372 2987 401 3032 et
422 2979 607 3046 investigatio
629 2976 803 3047 quaestionis
828 2992 890 3027 eum
917 2976 1098 3045 aurigatione
1119 2984 1305 3044 eompuratnr.
1333 3006 1362 3019 -

214 3048 371 3113 renieinree]
390 3047 433 3099 ct.
450 3065 476 3098 e.
491 3051 523 3106 o,
542 3046 556 3111 fl
574 3052 599 3098 t.
618 3074 654 3089 -
676 3047 851 3099 disserena·
866 3043 920 3097 FS.
942 3072 973 3083 -
999 3045 1033 3097 id
1051 3054 1101 3098 eet
1115 3046 1162 3099 lue
1175 3044 1301 3117 ‘nuptos
1316 3048 1364 3099 e-ls

194 3069 227 3169 ς’.
247 3144 278 3155 -
297 3124 323 3168 et
339 3116 474 3167 Maroae·
488 3114 552 3165 tene
569 3114 675 3165 e·tsPt).
696 3140 723 3153 -·
743 3114 885 3165 damme·
903 3113 1058 3181 auignuere
1074 3112 1108 3164 B.
1258 3116 1284 3165 ².
1318 3130 1364 3167 eu-

194 3187 254 3237 ‹ten
270 3182 293 3232 0
311 3198 329 3235 u
347 3198 374 3245 p.
393 3199 440 3242 rm,
458 3180 564 3232 FPGD.
605 3178 1203 3246 eaedmfltcaeeerm.)SR12r-gb0.
1237 3183 1364 3239 eamden

195 3267 251 3305 ιοι.
273 3278 307 3289 -
327 3265 407 3315 puers
430 3248 544 3313 inspicit
566 3246 709 3301 Beledina.
732 3275 766 3286 -
789 3246 962 3317 ambigendo
986 3247 1039 3298 Rl.
1190 3250 1215 3300 d.
1251 3252 1365 3301 ceteris

188 3317 292 3386 finitur
304 3333 337 3367 ex
355 3314 422 3367 edit
439 3320 486 3374 (ι)
502 3313 587 3366 eliert
605 3316 680 3366 Mod.
694 3331 738 3381 ep.
752 3316 811 3377 nt,
825 3332 851 3380 p.
861 3318 922 3365 wit.
942 3320 970 3365 et
983 3312 1103 3381 corrigit
1120 3315 1206 3367 certis.
1219 3342 1255 3354 -
1265 3324 1365 3371 terroe

195 3387 332 3439 minamur
348 3382 403 3450 gG.
420 3410 454 3423 -
473 3398 606 3433 cerame
623 3398 685 3451 r-g.
720 3388 869 3435 uocarunt
885 3381 964 3433 e-bl'.
982 3406 1015 3423 -·
1033 3391 1064 3435 et
1081 3383 1123 3435 irie
1140 3383 1197 3433 e-b.
1218 3408 1250 3421 -
1268 3386 1364 3453 ingens

195 3470 250 3505 oru.
274 3451 307 3503 B.
328 3477 360 3489 -
383 3451 555 3502 lineamenta
571 3448 653 3501 e-lsl’·
679 3476 708 3487 -
738 3449 766 3499 in
785 3464 846 3501 aero
864 3449 1012 3531 digesserat
1032 3468 1083 3503 eea
1101 3450 1183 3517 unpl.
1206 3450 1240 3502 B.
1262 3478 1297 3493 -
1322 3453 1364 3504 trie

195 3530 273 3587 (sup.
288 3524 338 3580 en)
358 3517 390 3569 C.
423 3516 484 3569 loe
501 3516 532 3567 F.
547 3543 580 3555 -
597 3517 747 3569 asserendo
764 3517 834 3583 quod
851 3517 948 3569 dieitur
962 3516 994 3567 F.
1029 3518 1099 3585 qnod
1116 3518 1213 3571 dieitur
1230 3521 1365 3573 amendi

196 3592 249 3641 ttt.
397 3588 423 3637 t.
458 3586 536 3637 inter
552 3601 580 3635 se
597 3583 677 3636 Bria.
691 3612 727 3622 -
741 3600 846 3651 eperum
860 3591 947 3636 terroe
963 3586 1072 3638 eleum
1088 3584 1120 3641 F.
1154 3586 1265 3639 claudet
1279 3594 1364 3641 terreo

195 3674 298 3727 merem
317 3655 369 3707 lit.
385 3682 420 3695 -
437 3654 467 3705 ie
483 3652 552 3705 eueli
565 3652 644 3714 (edd.
663 3667 680 3704 ι
697 3668 755 3705 sec.
773 3668 810 3703 m.
827 3657 918 3720 spon)
938 3650 968 3703 F.
985 3678 1020 3692 -
1041 3654 1074 3706 et
1092 3653 1103 3705 l
1120 3651 1151 3705 C.
1170 3678 1202 3695 ι-
1225 3670 1306 3723 reapse
1322 3656 1363 3708 erl

228 3830 254 3878 7.
291 3820 564 3893 quinegieiorisoe
581 3836 659 3887 queen
676 3820 755 3871 meri-
805 3818 943 3886 scriptus,
988 3834 1049 3871 nem
1070 3836 1120 3887 pro
1140 3836 1173 3873 eo
1192 3820 1292 3876 helteri
1311 3838 1362 3877 noa

195 3896 293 3949 diesne
316 3888 429 3956 sidetem]
459 3888 533 3954 Quid
560 3887 598 3939 eit
626 3886 754 3951 horizon,
804 3837 1049 3949 vultdlucroisiun
1067 3888 1115 3941 aed
1132 3890 1362 3955 promeridiano,

213 3963 260 4017 uid
279 3958 463 4017 meridianus,
497 3954 657 4007 dlucrolriae
672 3955 754 4006 docet
804 3960 835 4007 ut
856 3956 884 4006 in
901 3955 1015 4007 dextere
1032 3964 1111 4023 perte
1129 3956 1167 4007 alt
1184 3957 1364 4025 hemisphae-

193 3980 221 4094 ἲ,
247 4034 293 4092 lte,
317 4028 347 4093 §5
369 4030 400 4077 tt
417 4034 447 4076 et
464 4028 505 4075 lt.
555 4022 673 4090 cept,
695 4024 752 4089 59.
803 4022 1364 4095 riumnostrum,lnluevelreruieplrae·

192 4096 310 4149 horizon
331 4094 436 4145 dicitnr
453 4090 580 4143 dividere
599 4100 701 4141 terrem
722 4090 751 4142 ln
803 4090 875 4143 rium
895 4090 1021 4143 interino.

193 4164 372 4215 medietatem
395 4160 476 4211 culus
502 4167 610 4224 partem
634 4173 684 4209 noe
707 4158 751 4208 in·
836 4157 899 4219 t'tt,
923 4162 946 4209 l.
982 4158 1114 4227 cingulos]
1135 4156 1268 4213 vtttnnt.
1287 4159 1321 4211 ed
1338 4176 1361 4212 e.

193 4232 332 4287 colamur.
365 4236 395 4281 et
420 4229 446 4278 in
475 4227 595 4277 ultorem
621 4242 693 4291 quae
717 4226 754 4277 ad
805 4227 831 4289 6,
849 4226 862 4291 i
882 4229 921 4276 tt.

191 4296 394 4353 possideatur
418 4293 550 4356 interior,
586 4292 753 4359 quibuscum
837 4297 863 4343 a.
898 4294 926 4343 ie
944 4292 1015 4358 cero]
1036 4307 1089 4343 non
1106 4294 1134 4345 in
1149 4310 1213 4346 aere
1231 4310 1270 4345 ee.
1289 4293 1361 4347 lucie

190 4372 349 4431 congruunt
371 4377 443 4426 ques
469 4363 503 4411 de
524 4376 630 4411 oceane
651 4361 752 4427 legau—
803 4358 916 4421 dicitur,
935 4358 1002 4425 quie
1019 4359 1169 4427 opponitur
1185 4361 1360 4415 antecedenti

190 4442 238 4487 tur
254 4449 279 4482 e.
300 4434 330 4491 u,
354 4428 412 4490 tt.
448 4426 531 4480 Telis
548 4428 667 4480 horim
687 4444 751 4483 esee
802 4428 829 4479 in
852 4446 887 4481 aa
930 4435 979 4479 sto.
1288 4450 1292 4461 ·

191 4502 302 4555 ridetur
330 4493 454 4548 eireutue
477 4509 528 4560 per
550 4494 670 4550 Aaou
700 4495 750 4551 tle·
834 4496 859 4547 l.
923 4502 963 4549 sto
979 4494 1059 4562 enias]
1077 4494 1136 4547 vid.
1154 4494 1204 4565 lig.
1223 4496 1253 4547 V.
