2942 4859
178 139 223 208 bd
662 130 872 202 meroen

180 308 244 375 ritu
265 314 369 375 numm
386 312 418 372 et
436 306 515 383 cibo,
536 301 649 390 quibus
670 299 865 388 accipiendis,
884 304 922 365 ut
938 298 1070 363 relatum
1091 301 1149 377 est,
1167 301 1262 382 utque
1280 292 1350 361 red·

181 392 290 480 dendis
324 391 466 481 membru
513 410 572 455 uue
604 388 739 454 diximus
772 406 843 453 eum
877 383 1030 449 mentibus
1055 382 1115 448 sibi
1139 379 1352 480 ediscentibus

181 478 382 555 obsecuntur,
403 473 465 542 boe
485 497 505 541 o
527 482 682 540 serratum
703 478 765 547 est,
814 469 877 535 uod
896 469 964 535 sine
984 468 1098 534 beustu
1118 467 1246 554 spiritus
1266 466 1352 533 uitro

131 563 274 635 ibbores
293 569 426 649 septem,
450 560 517 627 siue
537 559 607 624 cibo
628 560 709 624 ultre
729 492 859 623 totidem
881 555 962 630 dies,
987 554 1050 619 rite
1069 573 1133 618 non
1154 553 1254 650 duret
1292 551 1353 650 ‘Se-

180 655 264 735 ptem
284 667 410 734 quoque
429 654 502 711 sunt
522 645 634 730 gradus
657 644 689 707 in
711 661 841 729 corpore
860 640 914 725 qui
933 638 1157 705 dimensionem
1179 636 1352 703 altitudinis

181 734 219 799 ub
241 733 303 799 imo
325 733 357 796 in
378 752 415 797 su
456 730 570 796 rfieiem
593 728 752 814 conplent,
787 726 920 793 meduiie
942 746 979 791 os
1001 744 1115 789 uersus
1136 743 1214 790 vene
1236 722 1351 788 arteris

131 820 253 888 socero
273 817 361 883 eutis.
434 836 488 881 see
505 815 544 881 de
562 814 771 880 interioribus.
813 813 850 877 ln
868 818 976 897 eperto
994 830 1120 895 quoque
1142 816 1260 894 septem
1277 814 1353 873 mut

183 902 321 989 eorporis
349 908 468 987 portes,
508 906 601 986 ceput
628 907 735 985 peetus
769 917 879 963 munus
909 895 1067 983 pedesque
1097 902 1149 993 et..
1161 892 1352 979 pudendum.

132 990 266 1071 [stJItem
293 1007 373 1073 quse
399 984 578 1053 diuiduntur
603 1005 666 1049 non
695 983 752 1049 nisi
781 990 900 1068 septem
927 980 1115 1067 conpagibus
1139 986 1243 1045 suncti
1262 986 1352 1043 sunt:

181 1073 267 1139 utin
288 1071 431 1139 munibus
453 1079 501 1137 est
524 1070 673 1135 humerus
699 1067 859 1135 brncbium
887 1066 1010 1131 cubitus
1038 1065 1107 1131 soie
1131 1072 1164 1129 et
1184 1064 1353 1149 digitorum

183 1158 256 1223 nodi
275 1157 370 1235 terni,
408 1156 440 1222 iu
464 1155 595 1242 pedibus
615 1176 689 1231 vern
711 1154 813 1220 femur
831 1172 914 1238 genu
931 1151 1007 1217 tibin
1029 1171 1084 1236 pes
1103 1150 1185 1234 ipse,
1211 1148 1273 1214 sub
1287 1168 1353 1233 quo

132 1248 171 1318 81
183 1243 253 1309 volu
269 1250 326 1319 est,
342 1249 374 1306 et
391 1241 556 1326 digitorum
574 1239 717 1306 similiter
732 1239 805 1305 nodi
822 1238 913 1304 terni.
953 1238 997 1302 Et
1013 1236 1085 1322 quie
1104 1255 1213 1300 sensus
1229 1254 1353 1300 eorum·

184 1348 246 1412 que
265 1326 436 1393 ministeriu
454 1333 567 1391 netum>
586 1326 617 1391 in
643 1325 743 1412 cupite
764 1322 902 1391 velutin
927 1342 997 1389 erce
1024 1320 1199 1395 constituit,
1233 1326 1353 1403 septem

183 1412 385 1479 foraminibus
410 1431 557 1477 sensuum
584 1410 779 1476 celebrantur
802 1408 919 1486 officie,
959 1406 991 1471 id
1018 1404 1154 1471 esteris
1178 1424 1215 1469 ee
1240 1403 1353 1469 deiude

183 1498 343 1563 oculorum
367 1498 486 1561 ueriurn
507 1508 539 1561 et
557 1496 679 1562 curium
700 1496 797 1561 binis:
820 1493 904 1561 unde
925 1513 990 1559 uon
1009 1491 1154 1560 inmerito
1173 1489 1225 1555 bic
1244 1510 1354 1555 uume-

184 1602 248 1660 ms,
268 1582 364 1647 totius
384 1581 515 1647 iubricae
537 1581 729 1666 dispensetur
751 1589 784 1646 et
803 1580 957 1655 dominus,
978 1577 1078 1662 aegris
1099 1596 1225 1662 quoque
1244 1595 1354 1660 corpo-

186 1667 272 1733 ribus
305 1666 475 1752 pericuum
503 1666 704 1732 sanitatemrc
734 1665 905 1731 denuntiet
953 1665 1054 1729 Immo
1081 1661 1151 1725 ideo
1177 1669 1210 1725 et
1235 1667 1354 1745 septem

185 1751 322 1819 motibus
342 1772 434 1817 omne
454 1772 566 1838 corpus
587 1752 734 1837 egitetur:
756 1758 811 1816 eut
829 1750 911 1815 enim
929 1747 1063 1813 secessio
1081 1754 1129 1811 est
1147 1753 1203 1811 eut
1222 1745 1355 1811 recessio

186 1844 241 1901 eut
263 1836 295 1899 in
318 1836 432 1901 iussum
456 1835 633 1902 dextrsmre
656 1836 787 1901 deflexio
814 1844 869 1901 sut
890 1854 1013 1899 sursum
1041 1832 1111 1919 quis
1132 1852 1188 1897 seu
1209 1830 1354 1897 deorsum

135 1924 330 1993 sumeretur
351 1928 406 1986 eut
425 1920 457 1984 in
484 1920 591 1985 orbem
611 1929 741 1986 rotetur.
788 1921 850 1985 Tot
874 1919 1040 1985 virtutibus
1066 1915 1229 2002 insignitus
1254 1924 1354 2015 septe·

188 2004 302 2083 nesius,
320 2024 397 2091 ques
417 2004 466 2071 vel
486 2004 524 2070 de
544 2005 683 2090 pertibus
703 2004 768 2071 suis
785 2012 945 2070 mutuetur
965 2004 1011 2070 sei
1029 2010 1114 2068 totus
1134 2010 1265 2078 exercet,
1286 2022 1355 2068 rure

187 2090 298 2175 pienus
319 2097 351 2153 et
370 2089 502 2154 babetur
528 2097 560 2154 et
585 2090 705 2155 dicitur.
747 2091 790 2156 Et
811 2090 967 2164 absolute,
996 2096 1034 2154 ut
1055 2087 1202 2163 arbitror,
1234 2088 1355 2153 rutione

188 2178 248 2239 iem
271 2173 424 2252 constitit,
453 2194 508 2239 cur
528 2172 655 2240 dirersis
677 2175 836 2240 escensis
858 2183 929 2240 octo
952 2181 984 2240 et
1002 2182 1120 2259 septem
1140 2171 1223 2259 pleni
1244 2192 1355 2238 vocen-

136 2262 249 2330 83tur.
298 2258 412 2325 Sensus
435 2268 538 2325 eutem
558 2259 608 2324 bic
635 2267 696 2325 est:
740 2260 819 2327 Cum
840 2267 996 2325 uetustus
1017 2257 1305 2345 quinquagesimum
1325 2266 1358 2326 et

187 2352 309 2409 sextum
330 2366 445 2411 ennum
463 2344 662 2430 conpleveris,
703 2366 762 2411 uee
781 2366 901 2411 summe
921 2344 977 2409 tibi
995 2342 1094 2409 iuteiis
1113 2344 1181 2418 erit,
1200 2364 1271 2426 spes
1287 2344 1356 2429 qui·

186 2429 257 2495 dem
279 2430 386 2495 salutis
409 2429 548 2515 publices
569 2438 601 2496 te
624 2366 748 2509 ridebit,
769 2438 801 2496 et
821 2451 877 2516 pro
897 2429 1042 2495 remediis
1062 2428 1235 2493 communis
1256 2428 1354 2495 bono·

185 2535 255 2581 rum
282 2514 420 2581 ominium
450 2522 548 2580 status
573 2515 740 2582 uirtutibus
763 2516 828 2581 tuis
853 2515 1004 2581 dictatura
1033 2512 1211 2591 debebitur,
1250 2512 1303 2579 scd
1325 2514 1352 2579 si

185 2599 320 2666 evaseris
349 2600 474 2666 iusidias
503 2600 757 2687 propinquomm.
805 2601 885 2667 Nem
919 2621 975 2687 per
1007 2611 1141 2686 septennes
1168 2600 1257 2664 octies
1285 2599 1357 2665 solis

96 2690 106 2701 '
186 2686 351 2769 confractos
371 2685 541 2784 reditssspue
561 2686 783 2772 quinquaginta
803 2694 836 2751 et
860 2706 914 2751 sex
936 2684 1085 2769 significet
1105 2704 1218 2761 nunes,
1243 2687 1356 2833 suptra-

187 2780 265 2835 ctscm
283 2770 354 2835 sebi
374 2781 400 2835 ct
420 2769 548 2834 reditum
577 2786 693 2836 unuum
718 2789 845 2837 recens:
884 2772 1061 2855 eufrosinus
1086 2775 1213 2855 propter
1239 2790 1275 2834 zo
1298 2769 1355 2835 ieci

187 2853 348 2934 ambitum,
366 2854 503 2933 reditun,
520 2854 592 2941 quie
612 2856 720 2922 eedem
739 2855 826 2941 signe
844 2875 1013 2942 perennes
1033 2854 1171 2941 singulos
1189 2861 1271 2921 certe
1288 2854 1356 2941 lege

187 2940 324 3005 metitur.

255 3090 325 3144 lies.
344 3090 612 3155 ereremum]

187 3174 348 3227 dilubrum.
498 3182 543 3231 78
578 3176 617 3229 de
633 3175 764 3229 nectibus
783 3190 808 3228 r.
843 3176 1063 3228 commeantibus
1080 3173 1154 3227 Bes.
1171 3200 1205 3215 -·
1222 3183 1357 3230 maten

187 3247 264 3307 (sup.
281 3242 344 3294 edd.
362 3242 407 3302 sb)
425 3242 477 3295 118.
493 3270 526 3282 -
544 3245 600 3296 sisse
617 3244 673 3295 eibi
690 3260 745 3295 ι-ι.
778 3244 836 3295 ss'ssc
852 3248 922 3303 (om.
937 3244 1002 3306 citu,
1018 3244 1070 3295 sci.
1088 3243 1158 3310 lec.)
1175 3243 1226 3295 Bi.
1242 3268 1276 3283 —
1293 3246 1357 3311 „ssi-

185 3316 230 3363 tru
246 3309 355 3361 tetidem
373 3310 430 3362 dies
446 3310 575 3362 Bsnll'u.
592 3312 698 3364 sddnnt
716 3311 926 3363 meminissem
942 3311 1015 3377 qued
1032 3311 1144 3363 ridetur
1180 3310 1303 3365 ertisere
1320 3312 1358 3365 sd

187 3376 245 3429 cs'bs'·
397 3381 441 3428 79.
474 3386 535 3429 sunt
550 3395 652 3445 qusque
668 3376 930 3429 eructes-brun.
1080 3382 1124 3431 88.
1188 3380 1270 3432 uciss'u
1284 3380 1357 3433 Bru.

186 3468 220 3483 -
237 3442 307 3496 terni
322 3443 387 3496 nodi
411 3443 576 3497 cri-tren.
598 3470 633 3483 -
655 3447 721 3498 nodi
736 3446 805 3499 urns'
821 3446 943 3498 similiter
963 3444 1029 3513 ὡς.
1062 3447 1128 3498 nodi
1144 3448 1214 3499 tensi
1229 3450 1300 3514 (our.
1317 3449 1358 3500 ss'·

186 3511 299 3572 militer)
321 3509 355 3562 B.
507 3516 551 3563 81.
590 3520 687 3579 septen
705 3514 819 3577 scribes
841 3512 892 3563 Rl.
913 3540 946 3551 -
969 3515 1143 3581 comumque
1165 3514 1196 3566 F.
1218 3540 1250 3555 ·-
1275 3518 1358 3569 totius

187 3594 242 3631 em.
259 3578 289 3629 P.
312 3604 337 3617 -
357 3578 470 3632 nuntiet
488 3578 539 3630 88.
557 3606 590 3618 -
609 3580 688 3631 immo
703 3588 728 3633 et
745 3582 805 3632 iden
823 3580 874 3631 Bi.
907 3581 987 3632 imese
1005 3598 1079 3632 nere
1096 3581 1156 3633 idco
1173 3590 1198 3635 ct
1213 3581 1243 3635 S.
1276 3584 1358 3637 im

186 3654 212 3697 ct
230 3652 327 3713 septen
344 3647 455 3698 ructibus
471 3647 530 3698 ideo
549 3645 580 3697 F.
598 3672 633 3686 -·
654 3648 794 3701 escensio
810 3647 883 3700 Bne.
906 3676 931 3686 -
952 3656 1011 3701 urst
1029 3648 1150 3701 decresse
1168 3650 1205 3701 G.

185 3716 230 3764 88.
264 3714 380 3765 constitit
398 3716 467 3777 (om.
484 3716 552 3783 iuss)
567 3714 618 3765 Bi.
653 3716 707 3769 iuss
724 3716 860 3767 consistit
876 3714 900 3765 F
918 3716 976 3777 (118
992 3731 1054 3781 sup.
1071 3716 1115 3767 eei
1131 3716 1271 3777 sustitit).

187 3785 231 3831 88.
266 3782 433 3848 coepissent
450 3787 526 3849 (sup.
544 3784 579 3842 it)
599 3782 632 3833 B.
648 3810 684 3823 -·
699 3799 804 3836 sonno
820 3784 951 3851 quidese
962 3784 1064 3851 [stubs
1083 3784 1136 3835 m.
1156 3810 1183 3823 -
1203 3800 1263 3852 spes
1279 3782 1357 3837 seie-

186 3849 221 3901 ts's
239 3849 344 3916 euidens
363 3848 414 3900 88.
430 3876 462 3887 -
483 3851 582 3903 videbit
601 3855 627 3904 is
643 3850 695 3901 Ri.

184 3978 215 4031 b.
232 3997 257 4033 e.
276 3980 471 4051 oesopbngm,
495 3988 571 4035 reete
587 3982 748 4051 principissa
802 3982 894 4049 Queri
911 3990 1001 4035 estem
1016 3984 1133 4039 Alcestis
1147 3990 1228 4053 posse
1244 3982 1314 4036 dicit
1330 3988 1358 4037 ct

184 4047 366 4101 intestinorum
383 4058 512 4115 recutite,
540 4052 565 4102 si
584 4049 748 4103 descendite
797 4053 880 4119 vulgo
899 4053 1014 4104 conitor.

129 4153 134 4161 ,
186 4112 227 4165 itu
245 4116 345 4178 etism,
371 4115 396 4168 si
414 4119 566 4170 escendere
586 4119 678 4181 iniret,
702 4136 748 4169 re-
831 4124 874 4170 81.
909 4136 1001 4171 scenas
1019 4126 1185 4171 ..vemens
1209 4117 1237 4170 iss
1258 4117 1356 4186 mito,

187 4186 261 4234 ctum
280 4184 355 4235 istud
372 4187 495 4252 princeps
512 4203 561 4237 seu
577 4186 747 4255 principiani»
796 4187 868 4239 sciet
882 4186 911 4238 iss
927 4203 1002 4249 erce,
1020 4186 1164 4254 conuiuis]
1186 4186 1271 4238 Gnosi.
1290 4202 1359 4237 eou-

185 4249 368 4329 spessime
384 4254 499 4304 omniunt
513 4252 568 4305 dici
584 4260 676 4319 potest
688 4268 748 4305 mc·
796 4254 867 4305 fert:
885 4254 1007 4317 ‚minue
1018 4254 1078 4308 ret.
1095 4255 1133 4321 [c.
1147 4253 1198 4321 lu]
1212 4270 1301 4305 onnes
1313 4290 1320 4303 .
1332 4290 1357 4307 ..

186 4316 272 4369 mnf*
290 4316 376 4369 Zeus.
412 4318 542 4371 ceterum
559 4321 632 4371 coni.
651 4335 748 4386 sppsr.
797 4336 889 4373 sensus
917 4322 1009 4374 scissi
1038 4325 1073 4375 iss
1106 4338 1183 4374 ures
1210 4321 1357 4389 conpositi.

186 4380 253 4445 crit,
272 4388 300 4433 et
312 4381 445 4435 observes
463 4386 665 4439 nonsinstirum
683 4402 748 4452 pro·
797 4386 887 4438 Soiiu.
906 4385 935 4437 in
953 4390 1044 4452 preci.
1067 4391 1285 4441 stentem
1300 4404 1357 4441 οι·

186 4448 308 4503 nominis
325 4449 395 4516 pund
411 4467 444 4501 ex
463 4452 621 4505 necusstiro
640 4452 749 4506 inserti·
797 4453 846 4505 niu
864 4454 992 4521 effigiant
1009 4450 1121 4509 medon
1138 4455 1277 4536 cepitis,
1309 4472 1358 4509 sess

186 4516 320 4589 gendum
356 4514 437 4571 conr.
458 4516 519 4574 let.
543 4518 607 4586 i'll,
634 4523 678 4585 18,
704 4524 747 4574 18.
796 4522 828 4575 s‘s
850 4520 909 4573 stis
927 4522 1043 4577 neutro
1063 4525 1141 4595 prisc
1158 4522 1246 4577 bueus
1271 4522 1357 4579 desti·
