2942 4859
155 114 220 183 xil
673 138 866 185 rnssssss.

127 346 128 349 ,
156 284 241 353 dium
263 286 478 372 complectitur
497 307 606 353 omnes
626 286 777 353 editiones
795 308 814 353 a
836 306 886 353 me
910 305 1068 364 nomm,
1100 283 1199 351 idest
1219 304 1376 371 quinem

156 408 217 473 que
237 395 334 453 artem
356 389 492 455 criticam
512 390 665 458 exercenti
690 388 819 454 alicuius
844 396 917 455 sunt
938 386 1095 454 momenti
1138 386 1258 453 Eodem
1280 388 1375 453 modo

155 488 187 553 in
216 488 337 555 sinistra
368 490 474 576 quavis
498 492 621 578 pagina,
653 498 755 556 utne
785 490 914 555 dubium
943 497 1037 568 esset
1070 508 1203 574 quorum
1232 489 1375 555 codicum

155 592 336 657 auctoritato
360 592 511 658 niteretur
532 593 683 679 scriptura
708 612 728 658 a
752 614 803 659 ne
828 600 965 678 recqsta,
995 590 1136 657 omnium
1158 590 1301 657 codimsm
1322 614 1373 658 ac-

155 701 259 759 curate
281 694 462 760 collatorum
487 695 576 781 posui
609 694 694 780 signa
723 693 898 781 praeposito
922 694 1010 771 Usa,
1044 692 1131 779 quod
1156 693 1374 779 sompenchm

154 793 304 879 significat
324 796 356 861 in
376 796 443 882 ipsc
466 806 614 883 apparatu
634 796 742 862 critico
761 817 870 861 onrnes
891 816 983 881 mpra
1006 801 1129 861 notatos
1146 794 1284 884 codices,
1314 797 1374 863 nisi

155 896 279 963 additur
297 896 418 983 signum
441 898 469 983 i„
484 900 526 985 ⁶⁴),
550 898 648 985 quod,
671 898 851 984 ubicunque
868 917 933 963 non
950 896 1076 963 additur
1094 916 1209 962 nonno
1229 897 1297 963 eius
1318 898 1372 983 qui

154 1018 226 1065 suos
246 998 368 1066 codices
390 1022 482 1067 manu
502 1001 634 1087 scriptos
658 1000 709 1065 iiio
732 999 917 1086 compendio
935 998 1100 1077 ment,
1119 999 1272 1083 significat
1288 999 1372 1064 codi-

153 1120 204 1167 ces
224 1101 370 1185 Angiicos
391 1123 410 1166 a
432 1100 588 1169 &onorio
609 1102 747 1180 conatos,
765 1102 805 1167 da
823 1101 936 1187 quibis
956 1100 1017 1166 vid.
1037 1099 1204 1185 prolegom.
1223 1120 1253 1185 p.
1275 1122 1373 1165 essin.

152 1202 189 1267 In
207 1201 364 1269 codicibus
384 1203 598 1269 enumermrdis
615 1204 732 1289 ubique
751 1204 885 1269 eundem
903 1201 1019 1268 semesi
1038 1200 1179 1268 ordinem
1198 1222 1263 1287 quo
1283 1202 1370 1287 signa

153 1323 260 1371 eorum
282 1304 383 1391 posita
405 1314 477 1371 sunt
498 1324 591 1392 supra
613 1313 808 1391 apparatum,
833 1312 927 1391 atque
947 1304 1039 1389 posui
1058 1303 1185 1389 pridem
1207 1324 1227 1368 a
1248 1322 1299 1369 me
1319 1324 1370 1368 ex-

151 1424 258 1471 cussos
282 1413 353 1473 ante
379 1426 523 1472 excussos
551 1408 590 1473 ab
616 1406 697 1473 ai's's:
735 1407 791 1473 sed
819 1414 892 1472 ante
920 1404 1070 1471 editiones
1100 1406 1223 1471 nonnisi
1249 1405 1371 1471 codices

150 1513 293 1573 accurate
313 1506 439 1572 collatos
461 1528 515 1573 cos
533 1528 667 1595 quonum
688 1508 779 1574 lectio
800 1508 914 1576 diserte
934 1515 1016 1572 esset
1035 1514 1170 1585 enotata,
1190 1528 1245 1573 eos
1264 1503 1372 1573 contu

150 1628 168 1672 e
192 1608 304 1693 quibus
327 1608 401 1674 nihil
427 1618 509 1676 esset
532 1618 691 1676 enotetum
718 1632 790 1676 cum
813 1610 915 1675 minus
938 1617 1081 1674 scemata
1101 1607 1219 1675 ooiiatis
1239 1608 1287 1675 rei
1307 1608 1369 1673 sin·

150 1709 229 1794 guiis
250 1712 464 1779 tantummodo
483 1712 559 1778 iocis
577 1711 722 1799 inspeeu's
742 1712 859 1778 subieci
876 1710 1080 1788 oddionibus,
1110 1718 1148 1777 ut
1169 1710 1290 1796 simu
1316 1730 1369 1776 eo-

150 1810 226 1877 dicis
251 1820 393 1877 occurste
417 1812 519 1879 collati
543 1822 615 1899 post
639 1814 792 1879 editiones
815 1812 951 1899 positum
976 1832 1041 1877 non
1065 1811 1124 1877 ssisi
1148 1811 1277 1877 tscitum
1302 1810 1370 1875 eius

150 1932 334 1980 consensum
359 1932 430 1978 cum
458 1912 593 1979 editione
619 1932 753 2000 quacum
780 1914 822 1978 sit
844 1913 974 1978 cousus
997 1910 1149 1995 significet
1171 1913 1209 1997 ⁷1.
1254 1910 1370 1975 Omnia

149 2012 610 2098 automsignareterunturad
632 2010 1365 2101 eaquseanteoedrmtuaiisadeaquaese-

150 2122 296 2201 quuusrr.
340 2114 502 2201 Quidquid
520 2116 694 2181 addendum
715 2122 782 2181 erat
801 2114 887 2200 quod
907 2114 946 2179 ad
968 2115 1107 2201 singulos
1130 2114 1253 2179 codices
1273 2112 1368 2198 parti·

150 2225 250 2294 neret,
281 2236 352 2282 cam
372 2215 482 2283 borum
505 2216 599 2303 signis
619 2218 707 2283 uncis
728 2217 847 2283 inciusi
891 2218 995 2283 Verba
1011 2238 1049 2283 ea
1070 2236 1150 2303 (με
1171 2216 1204 2281 in
1222 2213 1369 2280 «eudonis

149 2325 326 2383 contextum
350 2317 451 2404 recepi
473 2340 536 2385 non
565 2319 768 2406 inapparatu
791 2319 900 2385 criu‘co
921 2318 1012 2406 poni
1038 2318 1121 2405 (inde
1142 2338 1163 2384 a
1181 2318 1251 2383 bbri
1271 2318 1297 2382 1.
1316 2336 1367 2381 cs·

149 2418 212 2505 pita
229 2420 281 2485 ui.
304 2428 401 2497 certe,
426 2440 497 2485 nam
519 2419 551 2485 in
571 2421 822 2487 antecedentibus
841 2421 993 2508 capitibus
1012 2421 1157 2487 omnibus
1176 2440 1273 2506 priene
1292 2418 1368 2484 iocis

149 2520 180 2589 id
203 2520 270 2599 ieci,
289 2522 344 2587 ubi
365 2542 384 2586 s
404 2522 535 2587 lectione
555 2524 677 2608 vulgata
700 2522 775 2591 nabi
792 2523 949 2590 videretur
967 2544 1036 2589 csse
1055 2522 1287 2608 recedendum),
1308 2518 1368 2585 nisi

81 2664 85 2674 ι
148 2632 203 2689 aut
220 2622 342 2689 mdices
362 2621 540 2688 nomissndi
559 2632 663 2689 essent
683 2626 810 2709 singuiis
832 2634 953 2691 mntem
976 2625 1053 2693 iocis
1074 2623 1218 2711 inspecti,
1239 2630 1295 2688 aut
1312 2620 1366 2685 ad·

149 2724 248 2791 denda
273 2730 355 2789 esset
379 2722 537 2788 adnotatio
563 2724 722 2809 quaedam.
769 2727 847 2790 Nam
873 2728 1009 2810 primm
1034 2726 1189 2792 editorum
1213 2732 1247 2789 et
1268 2721 1368 2789 Medii

147 2825 327 2911 barthiique
350 2824 563 2890 adnotationes
586 2845 666 2911 quae
689 2826 728 2891 de
754 2825 968 2891 cnsendationa
994 2827 1054 2891 ioci
1078 2825 1207 2891 alienius
1232 2832 1367 2907 agerent,

148 2926 266 2995 etiamsi
288 2947 339 2991 oss
361 2926 575 3012 improbarem,
593 2927 753 3013 apparatui
770 2927 878 2993 critico
896 2926 1072 2991 inserendas
1090 2944 1159 2990 esse
1177 2924 1292 3010 putavi,
1311 2924 1366 2989 sed

148 3028 343 3115 paucioribus
366 3048 459 3114 saepe
484 3028 598 3105 vorbis,
626 3036 663 3093 ut
690 3030 791 3114 spatio
815 3029 1021 3095 consulerem
1059 3033 1247 3111 quapropter
1271 3025 1364 3091 etism

147 3130 241 3215 signis
255 3130 338 3194 nulia
359 3128 527 3213 interposui
542 3136 663 3213 puncta,
678 3130 738 3195 nisi
758 3131 813 3195 ubi
831 3151 850 3195 a
870 3129 1010 3215 pbsribus
1024 3127 1143 3213 singnis
1160 3127 1363 3193 consisterent

147 3231 251 3299 literis.
296 3228 460 3314 Signonsm
486 3229 717 3315 explicationem
743 3230 967 3316 prolegomenis
989 3230 1115 3296 asbieoi.
1159 3230 1197 3293 ln
1209 3228 1363 3295 Cicero-

147 3332 202 3397 nis
223 3330 572 3415 SomnicScipionis
594 3332 733 3416 aequiori
755 3333 787 3397 in
808 3332 846 3397 iis
863 3352 945 3418 quse
963 3340 1158 3397 enotarersm
1179 3352 1197 3395 e
1217 3329 1294 3396 meis
1312 3352 1365 3396 eo·

147 3432 266 3501 dicibus
291 3440 446 3517 atquem
472 3430 658 3498 editionibus
679 3432 842 3499 Macrobii:
872 3453 943 3499 nam
969 3432 1019 3498 bic
1042 3432 1118 3519 qaid
1141 3452 1269 3519 quoqne
1294 3433 1365 3499 ioco

216 3726 245 3791 r)
278 3726 326 3779 {ia
354 3740 379 3789 p.
403 3726 447 3777 so.
474 3726 932 3791 sustentaremus-ursin.
964 3724 1109 3793 significat
1144 3729 1231 3781 verbs
1261 3734 1366 3794 potres·

147 3826 201 3877 poc
218 3810 335 3861 intuetur
352 3816 468 3861 enotata
486 3824 553 3861 essa
571 3825 587 3865 e
607 3812 751 3865 codicibus
769 3813 872 3878 rant,
902 3813 921 3864 Ι.
938 3825 965 3863 e.
986 3826 1004 3863 e
1026 3812 1204 3875 Frisingensi
1226 3815 1255 3860 et
1273 3810 1366 3859 sniis-

146 3894 279 3959 burgensi
303 3900 330 3943 et
355 3894 551 3957 liebdigeraso
577 3898 715 3959 secundo,
748 3898 798 3947 sad
825 3896 891 3946 nibii
918 3902 1061 3947 euctstum
1087 3909 1154 3946 esse
1177 3909 1193 3947 e
1218 3894 1364 3943 codicibus

146 3980 254 4041 (ism,
282 3978 301 4027 i.
320 3992 346 4028 e.
365 3991 381 4028 e
398 3978 499 4028 codice
519 3978 683 4029 monosterii
702 3982 731 4029 S.
752 3980 826 4031 eslii
847 3986 876 4030 et
894 3993 910 4030 e
930 3980 1122 4047 berolinensi,
1149 3984 1181 4029 ut
1199 3966 1362 4028 consentire

146 4062 294 4112 videantur
311 4074 372 4111 cum
391 4062 560 4112 editionibus
577 4064 740 4125 orciboscam
758 4064 855 4115 coiiati
873 4070 952 4129 sunt,
982 4066 1007 4115 6
1024 4077 1085 4115 cnm
1103 4078 1137 4129 g,
1168 4064 1234 4112 tiss„
1254 4074 1315 4112 cun
1337 4064 1364 4121 b,

145 4144 164 4195 Ι.
178 4158 204 4195 a.
222 4146 312 4195 cades
330 4148 359 4195 S.
378 4146 451 4196 flaiii
472 4159 533 4195 cum
554 4146 677 4197 editione
694 4148 873 4212 cryptis-s,
901 4149 992 4199 codas
1009 4146 1201 4198 Beroiiseusis
1220 4160 1282 4197 oum
1302 4146 1365 4196 edi-

145 4230 223 4281 iiane
243 4229 398 4291 bipontinus.
434 4232 580 4281 Accedunt
597 4237 689 4281 satu
708 4234 868 4295 tismis'l's„
889 4232 955 4295 quia
972 4232 1044 4281 iden
1061 4243 1080 4281 s
1098 4230 1244 4281 (tresovio
1262 4237 1365 4280 cocta-

145 4316 201 4366 tuu
219 4320 265 4364 est
285 4326 302 4363 e
321 4314 466 4365 codicibus
482 4314 627 4377 Aspiicis,
653 4314 770 4377 coiiegii
787 4314 929 4365 Benedicti
949 4319 978 4365 et
997 4314 1182 4365 hincoisiaao
1200 4318 1230 4364 et
1247 4313 1364 4376 coiiegii

145 4400 173 4447 ii.
190 4397 355 4460 Trinitatis,
372 4403 400 4447 et
420 4397 558 4461 112,qc1s
574 4398 776 4461 iegituretiu
793 4400 830 4448 sb
845 4400 940 4449 attera
954 4410 1035 4448 asu
1052 4398 1223 4459 sunnem-
1244 4396 1364 4463 margini

138 4480 276 4533 'editionis
295 4482 492 4547 nasamonas
510 4482 628 4545 exempli
646 4482 719 4545 qaod
737 4486 783 4533 est
799 4484 828 4535 in
846 4482 1015 4535 bibiiotbscs
1031 4481 1176 4537 senessi.
