2942 4859
217 148 277 213 100
662 192 664 197 .
693 136 900 205 Macedon

213 318 354 405 aprime
376 316 408 379 in
434 313 555 397 signum
578 306 747 374 secundum
770 328 788 371 a
811 305 947 373 secundo
975 306 1006 371 in
1031 306 1159 373 tertium
1187 314 1220 371 et
1248 306 1320 373 inde
1344 307 1382 373 ad

213 406 332 490 reliqua
352 420 432 487 quae
449 395 618 483 posteriora
637 401 711 458 sunt
730 392 937 470 revolvantur,
953 392 1040 476 signa
1057 401 1161 457 autem
1184 392 1279 457 inlisa
1299 394 1381 458 eaelo

213 492 367 563 ferantur,
400 485 466 549 sine
487 480 581 546 duhio
603 486 723 543 constat
744 478 799 543 hes
821 478 925 543 stellas
947 499 1009 543 non
1030 497 1100 542 cum
1122 478 1207 542 caelo
1235 479 1289 543 sed
1310 500 1381 543 con·

212 585 259 641 tra
284 573 401 639 caelum
428 566 553 633 moveri.
603 565 671 628 lloe
689 575 726 628 ut
745 563 835 647 plene
864 563 995 649 liqueat,
1033 570 1206 627 astruamus
1231 564 1270 629 de
1292 564 1381 629 lunae

164 659 321 736 Idumen,
355 675 434 742 quae
457 661 490 717 ct
509 650 646 716 claritate
668 648 715 713 sui
743 656 775 712 et
798 648 957 712 velocitate
980 648 1145 713 notabilior
1166 656 1223 713 est
1283 650 1379 728 Luna,

213 753 375 831 postquam
400 761 416 803 a
439 736 503 802 sole
525 733 683 799 discedens
704 741 816 798 novata
835 740 898 809 cst,
920 733 1056 799 secundo
1077 732 1140 797 lere
1159 732 1210 799 dic
1230 733 1310 799 circa
1331 756 1381 799 oc·

213 850 316 895 casum
336 825 466 899 videtur,
486 829 517 886 et
536 820 622 918 quasi
643 818 742 883 vicina
762 818 820 883 soli
840 838 933 904 quem
954 838 1055 903 nuper
1068 818 1203 968 reliquit,
1218 827 1380 905 postquam

162 917 266 992 [salillo
287 914 446 978 demersus
465 913 521 981 est,
543 926 608 990 rpsa
629 903 704 967 caeli
726 904 895 985 marginem
917 910 1004 968 tenet
1022 911 1129 968 antece
1151 904 1214 968 enti
1237 925 1380 989 superoc-

211 1000 324 1065 cidens.
368 992 474 1060 Tertio
500 990 549 1056 die
576 988 693 1053 tardius
719 987 831 1053 occidit
851 1009 945 1073 quem
967 987 1118 1066 secundo,
1151 996 1184 1054 et
1205 989 1247 1053 ita
1268 989 1380 1055 cotidie

212 1084 333 1169 longius
355 1080 393 1145 ab
415 1097 526 1143 occasu
549 1073 677 1149 recedit,
709 1081 745 1139 ut
766 1073 898 1158 septimo
921 1073 970 1139 die
990 1075 1069 1139 circa
1090 1074 1164 1139 solis
1186 1094 1327 1139 occasum
1347 1076 1380 1139 in

211 1170 313 1235 medio
333 1164 417 1230 eaelo
439 1162 504 1247 ipsa
521 1159 668 1225 videatur.
710 1158 787 1223 Post
807 1158 884 1223 alios
903 1179 977 1224 vero
997 1167 1125 1257 septem,
1146 1180 1217 1224 cum
1234 1159 1286 1224 ille
1301 1181 1379 1225 mer-

162 1260 197 1321 ll
211 1256 271 1339 git,
293 1252 369 1316 haec
388 1247 496 1312 oritur.
538 1244 626 1309 Adeo
644 1243 744 1308 media
767 1251 853 1328 parto
877 1245 992 1309 mensis
1012 1243 1173 1309 dimidium
1193 1244 1327 1322 caelum,
1348 1244 1379 1309 id

210 1347 257 1403 est
277 1357 374 1402 unum
396 1328 671 1415 hemisphaerium,
705 1329 745 1394 ah
766 1349 877 1394 occasu
897 1329 929 1394 in
949 1330 1100 1393 orientem
1122 1330 1294 1394 recedendo
1316 1350 1378 1395 me·

210 1424 294 1488 titur.
336 1422 456 1484 Rursus
478 1423 547 1513 post
570 1422 687 1499 septem
708 1413 785 1477 alios
806 1414 886 1477 circa
909 1414 983 1479 solis
1009 1435 1150 1479 occasum
1179 1414 1300 1479 latentis
1325 1414 1377 1479 he·

211 1504 386 1593 misphaerii
410 1509 555 1568 verticem
577 1507 677 1563 tenet:
699 1506 730 1563 el
748 1498 841 1563 huius
863 1498 907 1563 rei
928 1499 1074 1564 indicium
1096 1508 1152 1577 est,
1170 1500 1253 1583 quod
1275 1501 1385 1565 medio.

211 1592 309 1658 noctis
330 1587 477 1654 exoritur.
521 1586 683 1648 Postremo
703 1583 832 1647 totidem
849 1584 959 1649 diehus
979 1586 1130 1670 exemptis
1155 1585 1251 1649 solem
1272 1586 1376 1650 denuo

211 1672 448 1762 conprehendit,
489 1678 521 1735 et
542 1669 661 1735 ricinus
682 1668 805 1734 videtur
825 1676 912 1733 ortus
933 1669 1108 1746 amhorum,
1147 1670 1293 1755 quamdiu
1317 1670 1376 1734 soli

209 1761 375 1827 succedens
397 1776 503 1821 rursus
531 1762 662 1819 novetur
683 1761 714 1818 et
736 1774 843 1818 rursus
863 1754 1010 1819 recedens
1033 1755 1178 1840 paulatim
1199 1776 1320 1839 semper
1342 1755 1375 1820 in

162 1848 360 1913 lilorientem
383 1838 584 1924 regrediendo
613 1838 768 1922 relinquet
791 1859 943 1904 occasum.
1004 1840 1056 1905 Sol
1077 1860 1202 1925 quoque
1225 1841 1291 1925 ipse
1312 1861 1373 1905 non

208 1931 297 1995 aliter
318 1948 410 2013 quam
434 1925 471 1988 ab
493 1944 602 1987 occasu
623 1923 654 1987 in
676 1922 828 1988 orientem
850 1931 992 1989 moretur
1011 1933 1056 2000 et,
1098 1925 1170 1989 licet
1189 1926 1305 1989 tardius
1327 1947 1374 1990 re·

208 2034 328 2079 cessum
357 2028 448 2075 suum
482 2028 574 2093 quam
610 2008 681 2071 luna
711 2008 853 2072 conficiat
881 2010 1011 2094 (quippe
1041 2009 1095 2095 qui
1122 2017 1208 2075 tanto
1234 2019 1374 2094 tempore

207 2100 328 2185 signum
348 2115 446 2161 uuum
469 2092 647 2171 emetiatur,
674 2103 791 2176 quanto
813 2100 912 2159 lotum
932 2094 1089 2160 zodiacum
1114 2095 1186 2160 lune
1208 2095 1374 2179 discurrit),

269 2250 339 2303 Mes.
362 2244 604 2307 cusiriacum-l

203 2341 230 2388 9.
270 2339 334 2389 Cum
353 2332 612 2403 ergoriag·-in
630 2331 735 2383 tertium
753 2328 1008 2385 cessassemus.
1043 2334 1072 2386 iss
1091 2334 1172 2386 tertio
1188 2334 1224 2385 G.
1258 2336 1371 2387 edtcr—

201 2406 267 2458 tium
284 2401 426 2455 Edddlnre.
449 2428 476 2437 ·-
490 2402 617 2465 sereretur
633 2399 819 2451 torotense.
847 2404 986 2465 seruntur
1004 2400 1149 2453 CFSRlG.
1167 2430 1198 2439 -
1212 2404 1305 2454 stelles
1321 2404 1372 2453 dus

202 2473 254 2523 Re.
276 2500 310 2512 ·-
330 2470 536 2535 adfirmamus
558 2470 819 2533 (serpentarius)
843 2467 873 2517 G.
891 2496 924 2507 -
948 2486 1017 2535 quoe
1034 2477 1059 2520 ct
1079 2468 1370 2537 cusulo-guntiae

201 2546 227 2591 cl
246 2545 322 2605 (sup.
342 2537 405 2588 add.
421 2552 489 2602 quoe
503 2535 544 2585 uel
559 2537 623 2603 qui)
639 2535 689 2585 112.
725 2536 776 2601 qui
795 2542 820 2585 et
836 2534 1038 2587 (ἐι-1111311112.
1073 2537 1196 2588 cluritotc
1206 2541 1249 2590 sui
1260 2539 1301 2589 Rl
1313 2539 1371 2599 (tta

203 2608 213 2659 i
230 2623 263 2657 ex
282 2610 368 2663 corr.)
386 2602 591 2665 Edd.SGBrsrs.;
610 2602 646 2651 cl.
665 2620 689 2653 c.
709 2606 750 2663 16,
768 2602 797 2667 §d
816 2606 854 2653 10.
875 2608 915 2654 ll.
949 2606 1073 2656 claritate
1090 2620 1145 2655 suu
1161 2603 1216 2655 CF.

204 2678 245 2725 10.
280 2679 417 2724 renouato
435 2668 514 2721 rus.
536 2698 569 2709 -
592 2670 706 2721 sccursdo
728 2686 804 2721 uero
821 2673 865 2722 die
886 2670 917 2720 G.
951 2673 1065 2723 secundo
1082 2674 1221 2736 iere(om.
1240 2672 1296 2737 die)
1316 2673 1370 2726 tlt.

201 2768 234 2779 -·
249 2740 385 2807 relinquit
403 2736 433 2788 F.
447 2764 478 2775 -
495 2745 635 2804 postquam
651 2739 721 2805 ipse
739 2736 810 2788 Bere.
827 2766 854 2777 -
874 2740 1011 2791 dimersus
1027 2739 1145 2790 cusat.
1161 2768 1194 2779 -
1210 2742 1369 2792 anteceden-

199 2815 260 2859 tem
282 2808 333 2858 lll.
368 2806 556 2858 antecedentis
573 2805 626 2854 m.
645 2814 706 2855 —et
723 2807 832 2857 cottidie
845 2807 885 2858 ite
902 2806 1052 2875 tougiash'.
1089 2815 1114 2858 et
1129 2808 1286 2875 italosrgius
1303 2810 1369 2859 coti·

201 2877 244 2927 dic
266 2876 316 2927 ltr.
337 2902 373 2919 -
392 2875 456 2925 liceo
471 2872 534 2924 edd.
552 2889 568 2924 a
587 2888 643 2923 ecc.
662 2889 698 2923 m.
722 2871 754 2922 C.
908 2878 948 2923 ll.
984 2876 1093 2941 ereptis
1111 2881 1187 2941 (sup.
1205 2877 1268 2927 add.
1284 2881 1312 2957 q)
1334 2874 1366 2926 C.

199 2951 340 3062 hitto.
360 2955 480 3059 ,llud
491 2939 1099 3077 torafftttlcltmltlrltl
1120 2943 1367 3062 totl‘ltlhl:

199 3076 262 3128 dius
282 3076 314 3127 N.
357 3112 364 3126 .
389 3093 416 3141 p.⁸
436 3079 492 3125 183.
513 3102 547 3113 -
568 3090 661 3126 rursus
682 3083 793 3126 rsouetsr
877 3078 999 3129 recederes
1019 3094 1073 3129 oro.
1098 3076 1170 3129 Bere.
1324 3084 1366 3129 tu.

197 3158 341 3194 recursum
361 3143 431 3193 oss.
451 3168 486 3180 -
506 3158 585 3207 quom
602 3142 668 3193 lurco
689 3158 816 3193 recessum
832 3160 909 3193 suum
926 3162 953 3194 v.
973 3172 1008 3184 -
1029 3154 1126 3211 tepore
1145 3146 1196 3195 ltr.
1215 3172 1248 3183 -—
1268 3146 1365 3197 sodic-

197 3225 254 3261 cum
271 3217 355 3261 totum
376 3210 426 3259 ltu.
446 3234 480 3247 -
502 3209 610 3275 sigeum
630 3210 866 3276 unumquodque
886 3209 1002 3261 FBers
1021 3212 1112 3274 „litori
1129 3213 1255 3264 vetusti“
1276 3214 1363 3267 Gron.

176 3332 178 3335 ,
195 3276 301 3341 „Molo
341 3276 425 3327 Ursum
441 3290 458 3329 a
473 3290 557 3327 seusu
571 3281 600 3327 ct
616 3291 668 3327 usu
685 3276 868 3328 Mserolrieso
888 3278 1069 3344 requisissem
1091 3281 1177 3331 Zeno.

195 3440 317 3478 consono
336 3424 409 3478 nihil
432 3424 509 3477 uliud
532 3428 577 3476 est
593 3424 648 3477 nisi
671 3442 752 3477 mun·
837 3430 966 3495 quamdiu
1042 3440 1154 3483 novetur
1176 3440 1202 3485 et
1278 3433 1362 3485 relio-

194 3494 282 3546 danse
300 3493 488 3546 rolnhilitutis
510 3494 643 3544 secessio.
801 3496 877 3562 quet]
910 3499 1049 3562 Quamdiu
1063 3499 1137 3550 idern
1156 3506 1200 3551 est
1221 3502 1295 3567 quod
1312 3518 1361 3553 us·

227 3566 252 3613 9.
287 3563 311 3613 si
333 3578 369 3613 uu
389 3570 477 3613 aulem
500 3562 584 3626 iufiro
610 3561 683 3612 cocio
702 3564 750 3626 sc·
800 3580 850 3629 que
877 3565 948 3615 dun.
997 3566 1045 3617 Sic
1074 3568 1101 3617 lc
1123 3567 1181 3618 itur
1204 3584 1267 3618 eum
1293 3585 1361 3620 con-

192 3578 527 3696 roncorJilimtsunrunr
547 3632 604 3687 est,
627 3628 749 3693 quodie
799 3630 1073 3699 iunctirocspm,
1096 3584 1188 3699 iffi„
1222 3635 1361 3697 Soct'lt,

191 3695 335 3761 plerisque
358 3696 441 3747 lilsris
464 3712 530 3746 mss.
553 3696 674 3762 legitur,
700 3699 749 3759 se·
801 3701 849 3759 14,
881 3702 937 3764 lte,
970 3717 1034 3753 cum
1058 3700 1212 3754 indicetiro
1232 3719 1292 3770 csp.
1313 3708 1359 3768 N,

189 3772 298 3825 ruotur,
332 3762 387 3814 nisi
410 3764 483 3815 leste
503 3762 589 3813 verbe
605 3763 686 3831 signu
799 3765 814 3829 i
836 3768 874 3815 tt.

184 3832 311 3893 sereretur
323 3837 403 3882 estre
417 3830 632 3881 constructionis
649 3846 749 3881 nexum
834 3836 874 3882 12.
909 3839 990 3884 totum
1007 3833 1145 3886 zodiacum
1163 3837 1230 3888 lusio
1250 3838 1357 3888 discrer-

188 3897 222 3948 ed
240 3899 405 3950 monendum
421 3899 554 3949 lectorem
569 3895 748 3948 edditssunt.
797 3898 844 3963 rit]
865 3900 1018 3966 Exspectes
1034 3901 1158 3955 decurrit
1175 3904 1219 3953 rel
1236 3922 1359 3971 percur-

186 3962 222 4015 dr
239 3980 273 4015 no
286 3966 330 4017 sic
346 3964 457 4031 quidem
468 3964 562 4016 omnis
577 3964 662 4030 plene
674 3969 748 4015 sont
796 3966 832 4017 rit
857 3968 900 4016 rel
923 3984 980 4033 per
1001 3970 1141 4021 zodiacum
1162 3971 1300 4036 discurrit,
1326 3978 1359 4024 ut

186 4028 255 4081 Vide
275 4031 364 4098 igitur
383 4032 448 4083 coll.
471 4048 494 4082 c.
519 4036 564 4095 ll,
592 4034 681 4095 iffi,
712 4046 748 4082 ne
797 4047 822 4080 c.
846 4036 892 4097 lo,
917 4034 931 4100 i
955 4038 980 4084 6.
1001 4052 1152 4104 perquem
1170 4039 1210 4089 sol
1227 4040 1357 4091 discur-

184 4094 346 4150 Macrobius
369 4098 531 4165 scripserit:
564 4099 648 4163 infixo
673 4101 747 4151 ccclo
795 4100 859 4160 rit,·
893 4118 917 4153 c.
939 4106 990 4166 20,
1016 4103 1030 4167 1
1054 4106 1095 4158 12,
1118 4106 1188 4156 coeli
1207 4123 1265 4172 per
1285 4108 1357 4173 quod

185 4178 252 4213 cum
270 4167 360 4216 caelo
372 4169 506 4230 secamur.
796 4166 976 4231 discurrit3
1010 4185 1033 4218 c.
1055 4172 1104 4231 21,
1133 4170 1189 4236 id.
1212 4190 1281 4239 quoe
1297 4190 1357 4241 per

218 4232 258 4279 ll.
292 4230 375 4296 Adeo]
390 4231 539 4283 Conclusio
556 4230 588 4281 lit
604 4231 744 4295 peredeo,
787 4236 884 4299 -spetio
900 4237 1052 4303 grandiore
1074 4238 1283 4301 discurrunt,
1317 4242 1356 4292 el.

181 4292 222 4345 tta
238 4300 269 4345 ut
286 4312 320 4346 ex
337 4297 461 4363 singulis
475 4313 545 4364 quae
561 4298 649 4349 allate
666 4304 743 4359 sunt,
793 4297 848 4350 Sed
867 4302 903 4351 el.
921 4302 950 4366 1,
971 4306 1001 4366 o,
1021 4305 1063 4353 63.
1083 4322 1192 4356 omnem
1208 4309 1315 4359 sodiuci
1329 4318 1355 4361 ct

180 4360 272 4411 oratio
293 4368 418 4414 transeut
437 4364 474 4413 ad
491 4380 551 4414 rem
570 4363 740 4415 uuiversum.
791 4365 996 4433 longitudinem
1014 4377 1040 4420 ct
1056 4370 1235 4425 tortsodtoess
1254 4374 1355 4427 circum

180 4426 223 4477 Cl.
241 4425 334 4478 Hand·
353 4421 477 4480 Tursell.
493 4430 515 4489 l,
533 4446 559 4496 p.
577 4433 635 4480 152.
652 4435 681 4481 et
697 4430 740 4480 in·
787 4447 886 4512 perque
899 4435 1066 4500 discurrit,
1080 4437 1129 4489 elsi
1143 4447 1354 4507 propterprse-

179 4494 224 4545 irc
242 4493 255 4559 d
274 4499 332 4559 li.;
355 4509 378 4546 c.
397 4498 443 4559 19,
461 4494 475 4559 d
494 4499 550 4559 sem
575 4512 599 4548 c.
613 4500 660 4559 2⁰,
679 4496 693 4560 5
711 4500 738 4547 3.
788 4500 957 4567 positiones,
978 4518 1050 4567 quse
1068 4521 1120 4571 pro
1135 4506 1280 4561 sdrerhiie
1299 4509 1351 4561 ed·
