2942 4859
192 119 257 190 238
678 113 886 186 uacuum

165 291 238 360 aut
256 289 316 360 hoc
334 288 429 358 etiam
449 285 684 367 observandum,
700 293 739 355 ut
756 293 811 353 aut
829 278 1032 373 inperiectum
1048 286 1182 354 retineat
1200 305 1369 354 uumemm

193 372 1369 556 iii:iiiiiiitnittitiitttit‘tiittniiiidtt

194 549 316 614 tiuotur
337 566 472 634 quorum
492 565 638 631 praesens
661 565 679 610 a
699 552 888 610 consonante
909 541 1046 608 ruchoat:
1073 537 1144 627 ἄγω
1163 531 1260 628 ἦγον,
1280 479 1369 628 ihm

165 632 316 716 astacon.
372 633 437 699 Nec
465 631 532 696 sine
548 629 686 715 ratione.
729 629 810 696 Nam
830 649 910 716 ᾳιιοο
930 627 1045 715 spiiaha
1066 649 1129 694 non
1150 637 1295 696 crescunt
1313 629 1368 696 ad·

196 719 328 786 iectioue
354 715 503 802 temporis
526 723 682 794 crescunt,
724 713 800 781 dum
826 712 1023 800 incipientem
1051 715 1186 795 vocalem
1212 715 1251 782 de
1278 714 1368 783 hreri

196 806 320 890 iongam
349 802 479 879 iaciunt,
515 809 552 868 ut
578 797 678 886 dyo,
702 803 735 864 A
762 800 864 868 brevis
888 807 1006 882 mutata
1033 810 1082 866 est
1109 801 1142 866 in
1170 801 1211 866 Η
1232 800 1369 886 longam,

166 881 286 977 θῆνον.
329 887 428 975 Saepe
460 895 564 954 tamen
598 885 721 954 licentia
753 885 874 972 poetica
902 885 1092 954 incremento
1123 894 1239 954 carent
1279 887 1367 956 Nou·

195 995 365 1062 numquam
387 973 485 1061 prima
505 974 572 1060 ipsa
592 973 721 1051 vocalis,
742 972 770 1038 si
791 972 892 1038 hrcris
911 979 974 1052 est,
994 970 1150 1038 inrnohiiis
1171 979 1293 1054 manet,
1311 971 1368 1040 sed

194 1062 332 1130 vocalem
354 1059 482 1126 aiteram
502 1058 624 1146 recipit,
646 1066 682 1126 ut
700 1057 824 1124 iunctae
842 1057 894 1124 ion
915 1077 963 1122 am
985 1057 1098 1123 iaciant
1116 1057 1277 1146 spiiaharn:
1304 1055 1368 1143 ἔχω

167 1141 300 1232 Ἰεῐχον,
331 1144 414 1210 ἕλκοι
435 1137 558 1223 εἷλκον,
592 1142 681 1230 ἕρπω
702 1135 826 1229 εἷρπον.
868 1077 1066 1230 ahquotiens
1091 1156 1148 1208 neo
1168 1153 1287 1210 mutata
1311 1166 1367 1211 uec

195 1234 290 1300 aitera
313 1239 433 1317 recepta
456 1250 535 1316 quae
555 1228 615 1296 suit
634 1229 701 1316 ipsa
721 1227 914 1315 pmducitur,
948 1223 1052 1314 idpdm
1074 1227 1207 1314 idpvov,
1236 1223 1368 1314 ὖὸρεύω

194 1315 346 1400 ῧὸρευον.
389 1315 448 1382 Ηίο
473 1315 556 1381 enirn
582 1316 655 1383 Ict
680 1319 710 1380 Y
733 1314 764 1380 iu
793 1314 947 1401 praesenti
973 1323 1114 1401 correpta
1138 1313 1171 1383 ia
1197 1315 1368 1402 inperfecto

167 1399 269 1472 8vero
291 1403 382 1488 ionga
403 1400 651 1487 pronuntiantur.
691 1395 843 1466 ‘noenu
862 1408 966 1466 autem
986 1409 1093 1467 manet
1110 1407 1147 1466 ut
1166 1401 1233 1480 iuit,
1255 1395 1369 1468 ὑιοιιέ-

194 1510 292 1570 τουν,
321 1489 393 1574 quia
416 1507 477 1552 uon
501 1485 603 1572 potuit
624 1486 822 1573 habereque
844 1495 1010 1553 cresceret:
1052 1485 1084 1552 in
1107 1487 1261 1571 praesenti
1282 1489 1369 1555 enim

196 1576 287 1661 ionga
314 1574 373 1640 iuit
401 1571 584 1659 diphthongi
621 1572 796 1659 privilegio:
836 1573 909 1638 licet
936 1571 968 1638 iu
1003 1569 1202 1659 diphthongis
1234 1573 1368 1641 maxime

195 1659 413 1728 communibus
434 1657 621 1745 permutatio
640 1658 681 1724 sit
701 1667 825 1746 recepta
848 1659 881 1724 iu
902 1656 1110 1744 diphthongos
1132 1657 1303 1744 longiores,
1331 1669 1369 1727 ut

196 1749 253 1811 ΑΙ
269 1753 301 1812 et
326 1747 389 1825 OI,
431 1744 503 1830 quia
526 1765 706 1812 communes
732 1752 860 1812 suntet
881 1765 1114 1831 nonnumquam
1140 1765 1199 1830 pro
1222 1743 1368 1813 brevibus

196 1831 382 1909 habeantur,
403 1829 436 1896 in
457 1832 498 1894 Η
513 1837 568 1897 aut
588 1829 620 1896 in
644 1831 679 1894 Ω
702 1837 877 1910 mutantur,
900 1830 984 1895 αἰνῶ
1004 1825 1122 1918 ἦνονν,
1145 1830 1226 1896 οἰκῶ
1246 1825 1368 1920 ᾤκουν.

166 1919 261 1988 9Νοο
282 1939 332 1984 me
354 1917 502 2005 praeterit
527 1915 620 1981 etiam
641 1918 708 1979 Aa
723 1913 965 2024 diphthonprm
1027 1936 1084 1983 uae
1110 1936 1280 2018 numquam
1310 1939 1367 2005 pro

196 2003 353 2072 communi
374 2001 478 2068 hahita
496 2009 557 2078 est,
577 2001 678 2066 solere
700 2001 827 2079 mutari,
848 2001 940 2066 ανδῶ
958 1938 1100 2086 nidove,
1121 1997 1212 2084 αὐχω
1232 1999 1367 2112 ηὕροον,

196 2092 269 2157 Ιίοοι
297 2091 361 2152 OT
381 2094 414 2152 οι
439 2087 496 2150 EI
520 2085 717 2152 inmutahiies
745 2094 903 2162 maneant,
946 2083 1036 2174 odpci
1062 2081 1201 2168 οὔρουν,
1242 2087 1368 2170 cendio

196 2170 344 2252 οὔταζον,
363 2169 509 2248 alsontia>
530 2165 698 2251 εἰκόνιζον,
720 2168 836 2251 εἰκάζω
860 2169 997 2253 εἴκαζον,
1018 2167 1142 2258 τὸγὰρ
1162 2167 1281 2259 ᾔκαζον
1301 2171 1368 2240 ’Ac-

145 2253 319 2348 [ncoppudv.
365 2259 401 2321 Ω
423 2263 455 2322 οι
477 2257 517 2320 H
531 2256 632 2322 multo
653 2259 846 2324 constantius
868 2268 1008 2338 manent,
1036 2258 1119 2347 quod
1144 2259 1368 2328 incrementum

148 2342 345 2434 10perioctio
365 2349 451 2408 tauta
471 2363 534 2408 uon
555 2341 679 2450 recipit,
702 2336 851 2428 ὠνοῦμαι
870 2339 1042 2430 ὠνούμην,
1063 2339 1132 2431 ἦχοι
1150 2339 1257 2430 ἤχουν.
1300 2349 1367 2414 Ex·

156 2469 163 2482 ·
196 2431 355 2519 cipiantur
379 2422 518 2513 ἑορτάζο
546 2437 579 2494 et
605 2428 718 2506 οψείω.
769 2429 849 2498 Cum
877 2430 961 2496 cuim
989 2431 1072 2498 aud
1099 2429 1231 2497 Graecos
1260 2433 1367 2500 omnia

196 2516 364 2604 inperfecta
395 2535 566 2600 numquam
596 2513 713 2582 medias
744 2515 799 2582 sed
830 2524 950 2582 tantum
1019 2519 1124 2584 timam
1158 2515 1206 2584 sei
1235 2517 1368 2602 primam

196 2609 356 2680 moveant,
382 2600 505 2667 iliorum
527 2600 657 2666 aiterum
679 2600 777 2666 soiom
797 2601 931 2668 mediam
953 2603 1067 2682 morit,
1092 2596 1268 2686 ἑώρταζον,
1296 2625 1368 2671 cum

207 2683 354 2774 ‘'psciov
375 2684 474 2752 iacere
496 2685 666 2762 debuisset,
685 2685 818 2752 aiterum
838 2695 871 2755 οι
890 2688 1021 2774 primam
1042 2687 1243 2768 atmodum,
1265 2683 1368 2768 dicio

147 2775 185 2841 il
226 2783 314 2853 νεον.
355 2761 437 2858 ‘one
468 2771 551 2837 enim
579 2778 612 2838 et
638 2764 752 2856 ἐώρων
779 2794 842 2838 non
868 2780 942 2840 suot
971 2781 1077 2840 contra
1103 2773 1259 2858 reguiam,
1295 2776 1368 2862 quia

152 2937 155 2944 ,
196 2855 279 2947 ὁρῶ,
312 2879 384 2926 cum
410 2851 508 2942 ὥρων
526 2856 625 2924 iacere
644 2855 767 2938 dchuit,
791 2879 831 2926 ex
851 2856 1020 2926 abundanti
1045 2858 1197 2945 principio
1217 2862 1251 2924 Ε
1265 2860 1369 2928 addita

196 2955 260 3028 est,
288 2952 321 3013 et
340 2943 412 3010 iecit
434 2965 492 3031 pro
513 2937 611 3028 ὥριον
631 2937 761 3029 ἑώρων,
783 2953 820 3012 ιιι
839 2939 979 3028 οἰνοχόοι
1000 2939 1184 3034 ᾠνοχόουν,
1210 2952 1244 3013 et
1264 2953 1368 3016 nmen

264 3097 318 3152 its.
338 3097 387 3161 1³.]

196 3187 223 3235 h.
259 3183 290 3238 H
308 3182 429 3249 tongum
453 3179 554 3242 udae.
708 3186 734 3234 d.
769 3176 836 3235 ἕλκοι
858 3176 949 3235 εἷλκον
974 3181 1090 3250 scripsit
1111 3183 1255 3237 Poutsuus
1277 3185 1369 3253 Opsc-

216 3264 266 3301 ooo
287 3253 316 3301 ct
332 3247 479 3317 scaligero
501 3247 695 3300 suadentibus.
732 3249 840 3303 Emi
863 3249 1019 3304 EIAKON
1035 3251 1067 3304 P:
1220 3257 1248 3305 8.
1281 3248 1368 3322 hvon

196 3267 298 3369 haur.
450 3319 476 3367 9.
510 3309 611 3382 ἥκαζον
632 3315 736 3369 iiddP.
756 3345 791 3355 -
816 3310 938 3370 Απιιιὸν.
968 3317 995 3370 Ω
1011 3325 1038 3372 et
1056 3319 1087 3370 H
1093 3317 1174 3372 coni.
1193 3317 1369 3389 Opcopocus.

195 3379 442 3504 Affmm
461 3382 571 3435 ΕΣΤΙ.
598 3385 681 3438 muita
705 3384 739 3438 Ρ.
789 3377 900 3438 ἄποιον
926 3379 1007 3438 ἐστὶ.
1032 3385 1119 3440 diuite
1149 3387 1219 3441 lidd.
1248 3415 1282 3428 -
1308 3383 1368 3457 115

195 3585 232 3642 11.
252 3585 281 3638 iu
304 3583 417 3638 oraculo
441 3581 653 3654 dc'Byrcntinc
673 3584 757 3639 urbes
842 3589 868 3637 9.
943 3582 990 3638 sio
1006 3580 1100 3654 ὥριον
1125 3585 1157 3639 1ο
1175 3587 1212 3645 Η.
1227 3585 1365 3656 Stephani

195 3649 265 3722 ταχὺ
295 3649 330 3722 δὴ
364 3649 446 3736 paphu
476 3647 650 3722 αἱμοροήοει,
702 3654 757 3706 nod
808 3649 896 3705 Thes.
948 3671 968 3706 r.
993 3654 1014 3707 i·
1037 3655 1080 3705 cd.
1122 3672 1161 3708 er.
1185 3673 1209 3708 ι.
1224 3655 1254 3708 h.
1275 3673 1301 3707 v.
1323 3657 1367 3708 ie·

195 3721 391 3792 praeparatior·
405 3728 449 3774 οιι
466 3716 671 3802 αἱμορροήοειέ*
715 3739 756 3775 rs.
807 3725 912 3840 putatur
925 3721 1007 3773 haec:
1025 3721 1185 3788 „Sophron
1195 3723 1269 3790 apud
1283 3724 1303 3774 Α
1325 3724 1369 3776 oi·

195 3789 363 3843 -Secutus
380 3807 441 3842 cum
457 3791 563 3842 codicrs
577 3788 756 3856 scripturam,
820 3790 916 3841 oudo
934 3806 1011 3856 pron.
1036 3791 1155 3856 poan.
1218 3786 1295 3844 dua
1322 3807 1368 3844 τοι

195 3856 264 3909 iicet
289 3875 343 3910 non
371 3857 499 3924 ignorem
528 3857 647 3924 simpies
677 3859 702 3909 P
727 3857 756 3909 ia
806 3849 1074 3924 miniandum,
1093 3856 1200 3910 uhiBe
1222 3858 1250 3910 is.
1269 3866 1369 3912 οοοιη

194 3925 241 3977 ni·
255 3925 419 3995 inperfectis
432 3931 575 3993 poctarum
587 3941 660 3977 csse.
692 3923 756 3976 vid.
807 3926 869 3976 cod.
886 3916 997 3989 ὦψιιον.
1032 3923 1172 3978 Chocroh.
1196 3925 1243 3977 voi
1270 3927 1315 3990 ii,
1339 3944 1368 3994 p.

194 3993 301 4046 Buttm-
326 3993 465 4046 uusidhri.
490 3992 605 4046 Griccir.
624 3991 756 4060 Spruehi.
806 3995 868 4057 ⁶28,
882 3995 913 4042 Ἅι
934 3987 975 4042 Τὸ
994 3987 1025 4044 di
1042 3986 1138 4060 ducito,
1156 3987 1223 4060 ὅπερ
1241 3992 1369 4060 σημαίνει

194 4059 270 4126 iiii,
287 4059 349 4114 Not.
367 4065 392 4114 5.
805 4053 838 4110 cd
872 4053 1024 4124 ἔπνθνμίοο·
1051 4055 1103 4111 ἔω
1134 4060 1185 4111 τοῦ
1213 4060 1369 4128 θεωρῆσαι,

229 4133 254 4180 5.
290 4129 413 4182 Ahrcoir
431 4133 534 4181 mutatu
553 4131 591 4180 cst
608 4125 636 4178 io
655 4127 686 4178 Η
697 4125 757 4179 ion-
806 4119 919 4192 ὀφεῖλον
950 4121 1023 4177 εἶναι
1054 4077 1084 4179 d
1188 4125 1367 4200 παρατατικῷ

193 4193 270 4262 μοι]
291 4197 321 4248 1ο
339 4197 401 4248 odd.
420 4201 458 4258 οι,
474 4194 637 4254 dividetur,
652 4193 756 4246 incod.
854 4209 910 4245 ειον
934 4188 982 4246 dcci
1010 4193 1060 4260 τῆς
1084 4143 1295 4261 sathanam

195 4277 246 4310 ιοι.
268 4261 373 4328 iegitur
390 4263 523 4331 tongum,
558 4263 606 4313 scd
625 4261 654 4313 h.
675 4263 693 4314 i.
714 4261 756 4313 ie-
863 4275 908 4312 ετο
923 4254 1018 4325 diveon
1038 4257 1116 4329 παρὰ
1135 4257 1186 4314 Σοί
1226 4277 1278 4313 osc
1294 4257 1368 4313 κατὰ

195 4326 333 4380 minimum
359 4346 449 4396 genus
476 4329 664 4381 necessarium
692 4344 756 4381 esso
880 4322 947 4394 ολὴν
968 4327 1020 4379 τοῦ
1042 4345 1062 4379 ι,
1097 4327 1178 4381 caui.
1223 4343 1292 4380 ram.
1314 4331 1366 4382 Διι.
1417 4364 1427 4384 .

195 4393 321 4455 ridetur,
356 4396 522 4460 pracsertim
541 4401 755 4462 quumautecc-
805 4395 860 4448 roi·
877 4394 926 4459 lt,
941 4411 969 4460 p.
985 4397 1050 4457 m,
1069 4399 1126 4461 10.,
1155 4395 1193 4459 ΙΙ,
1211 4413 1238 4464 p.
1254 4399 1366 4458 ΜΗ.

195 4457 256 4512 dat:
293 4461 355 4512 dum
383 4462 549 4528 incipientem
576 4464 693 4515 couniens
722 4465 756 4514 ds
804 4461 935 4513 ceteram
954 4477 1038 4528 scopo
1055 4461 1110 4514 hoc
1124 4464 1242 4514 verbum
1259 4481 1369 4518 memo-

193 4527 266 4582 hrcoi
281 4528 391 4598 longum
406 4527 520 4592 fuciunt
555 4525 599 4580 Gi.
615 4545 639 4582 ο.
656 4532 682 4594 3,
697 4529 711 4594 ζ
728 4533 754 4584 6.
804 4534 869 4584 rant
885 4529 971 4583 ctiam
989 4529 1041 4582 aru
1058 4529 1270 4599 grammatici.“
