2942 4859
222 94 284 161 148
704 86 914 156 uacuouss

171 272 254 335 ldae
275 264 394 329 ratione
420 279 582 327 emensum
611 256 740 345 putarit
784 258 874 337 Quae
899 265 1002 323 tamen
1023 256 1216 323 Archimedis
1241 257 1406 325 dimensio

219 372 237 416 a
265 347 432 415 Platonicis
458 345 620 433 repudiata
652 351 701 409 est
727 344 816 428 quasi
843 343 884 409 du
908 343 936 408 la
962 351 995 408 et
1022 342 1113 428 tripla
1141 344 1300 410 intervalla
1332 368 1404 411 non

218 454 359 502 servans:
398 442 431 498 et
452 438 629 505 statuerunt
654 429 713 493 lroc
735 449 803 494 esse
825 450 858 494 cr
898 428 1027 504 endum,
1055 438 1107 507 ut,
1135 438 1286 517 quantum
1310 440 1403 498 csta

217 531 300 587 terra
320 518 476 605 usquead
496 518 612 593 lunam,
634 514 763 601 duplum
786 515 827 579 sit
845 536 864 581 a
886 524 967 580 terra
984 534 1085 600 usque
1102 515 1140 579 ad
1162 516 1274 582 solem:
1296 538 1402 604 quan

219 616 349 691 tumque
369 614 416 669 eet
436 624 455 668 a
477 611 560 667 terre
589 620 691 687 usque
719 600 758 664 ed
780 601 893 679 solem,
932 600 1059 686 triplum
1088 600 1128 666 sit
1149 622 1167 665 a
1188 610 1402 689 torrensque

219 693 259 757 ed
280 692 450 757 Venerem:
489 694 705 774 quantumque
726 694 774 751 cst
796 705 813 750 a
837 695 920 750 terra
941 686 1100 771 usquead
1122 688 1289 767 Venerem,
1319 710 1401 776 qua-

219 787 269 843 ter
289 785 410 842 tanturn
438 774 480 840 sit
499 794 518 838 a
538 782 621 838 terra
649 792 750 858 usque
771 770 809 835 ad
831 770 978 837 Mercurii
1005 770 1142 837 stollam:
1179 782 1401 861 quantumque

219 870 269 928 est
287 862 325 926 ed
349 859 542 925 Mercurium
562 878 581 923 a
602 866 702 935 terre,
742 857 848 923 norica
876 864 997 921 tanturn
1026 857 1067 921 sit
1087 878 1105 922 a
1126 866 1208 923 terra
1233 880 1334 947 usqne
1358 862 1401 927 nd

218 950 369 1014 Martem:
405 954 439 1010 et
459 952 611 1031 qnantum
633 963 651 1007 e
674 950 757 1007 terra
779 962 878 1028 usque
900 942 939 1007 ad
960 942 1094 1009 Martem
1117 952 1180 1022 est,
1208 946 1304 1011 octies
1325 955 1400 1012 tan·

203 1040 286 1099 tum
306 1033 346 1097 sit
368 1051 385 1095 a
405 1040 486 1097 terra
510 1027 668 1114 usquead
688 1029 807 1092 lorern:
846 1035 1060 1114 quantumque
1081 1035 1165 1094 esta
1190 1038 1273 1097 terra
1293 1052 1400 1119 usque

219 1119 257 1185 ad
278 1121 399 1190 lovem,
436 1114 551 1201 septies
571 1122 604 1179 ct
623 1112 717 1178 ricius
738 1120 859 1178 tantum
886 1113 927 1178 sit
945 1133 963 1177 a
984 1120 1065 1179 terra
1087 1116 1246 1201 usquead
1267 1116 1398 1183 Saturni

172 1206 211 1272 15
220 1205 336 1271 orbern.
378 1202 467 1267 llanc
494 1198 725 1265 Platonicorum
755 1198 985 1285 persuasionem
1012 1198 1203 1285 Porphyrius
1231 1201 1317 1268 libris
1349 1206 1399 1269 in·

219 1288 317 1356 seruit
338 1287 451 1373 quibus
472 1285 591 1351 Timaei
612 1282 852 1359 obscuritatibus
869 1284 1012 1350 nonnihil
1033 1284 1109 1351 lucis
1132 1286 1258 1367 infudit,
1287 1289 1399 1375 aitque

219 1396 274 1440 eos
295 1372 421 1439 credere
442 1371 481 1436 ad
511 1372 552 1435 im
593 1370 676 1435 inem
698 1370 905 1436 contextionis
928 1370 1048 1435 animae
1076 1370 1151 1435 haec
1179 1392 1246 1438 esse
1272 1374 1305 1438 in
1328 1395 1399 1439 cor·

218 1481 296 1547 pore
316 1457 423 1524 mundi
446 1456 574 1522 interval
588 1476 621 1533 a,
658 1475 739 1541 quae
761 1455 892 1542 epitritis
920 1455 1072 1521 hemioliis
1092 1457 1239 1543 epogdois
1261 1458 1397 1525 hemito-

219 1541 888 1699 titt¹¹t⁰⁰t⁹ttttstltt⁸tttlt
904 1541 1396 1714 ”dlltttltttlttlt

172 1716 306 1805 tdquod
329 1714 369 1780 ab
389 1714 492 1779 anima
514 1721 666 1792 rnoretrrr,
682 1713 798 1778 inserto
819 1721 875 1779 est.
918 1712 1006 1779 Unde
1028 1715 1173 1779 exomni
1195 1724 1282 1801 parte
1325 1681 1397 1783 octa,

220 1812 254 1868 et
277 1800 411 1886 perlecta
431 1807 480 1863 eet
499 1798 657 1865 Ciceronis
684 1798 832 1875 adsertio,
871 1798 925 1884 qui
947 1798 1112 1871 intercedite
1136 1801 1308 1887 mpunlao,
1342 1805 1397 1869 sed

220 1901 318 1952 tomen
328 1906 391 1971 pro
409 1896 478 1948 ratu
492 1896 583 1971 porte
602 1884 720 1948 satiem
740 1884 895 1961 distructis,
915 1884 1080 1949 caelestem
1101 1906 1212 1951 sonum
1232 1886 1307 1953 dicit
1326 1910 1397 1954 esse

172 1974 495 2145 [rsglfflulcvlumllunc
517 2053 604 2121 locus
627 2060 801 2129 ammonet,
841 2061 877 2117 ut
900 2052 939 2117 de
961 2055 1110 2138 gravitate
1133 2064 1165 2121 et
1184 2059 1326 2124 acumine
1344 2080 1396 2125 so-

224 2162 335 2208 norum
364 2138 556 2205 diversitates
586 2137 806 2225 quasadserit
826 2138 1028 2206 revolvamus.
1070 2142 1110 2207 u
1128 2148 1329 2231 merefort,
1361 2160 1397 2211 ut

292 2294 361 2345 rr...
380 2290 610 2355 acmoniae]

220 2380 293 2433 eat.“
323 2378 409 2430 Gron.
461 2374 566 2441 „Forte
593 2372 653 2443 legi
677 2373 761 2427 delict
787 2374 913 2443 stelliferi
933 2376 999 2427 coeli
1020 2394 1133 2431 currum.
1176 2378 1246 2434 Nam
1271 2380 1394 2449 primurn

221 2449 308 2500 Gran.
329 2446 446 2499 membr.
470 2444 575 2497 habent
597 2460 715 2508 curcum,
751 2442 851 2495 deindo
871 2444 996 2509 stelliferi
1012 2446 1079 2499 coeli
1100 2465 1204 2501 currum
1224 2460 1290 2502 aunt
1309 2452 1395 2505 acrlra

190 2522 194 2527 ’
220 2516 381 2581 ciceronis,
406 2528 478 2581 quae
494 2512 543 2564 laic
560 2512 650 2589 repeti
671 2512 706 2563 alr
723 2518 839 2563 anctore
859 2513 1008 2565 admodum
1032 2514 1071 2566 ait
1093 2517 1255 2569 verosimile
1274 2536 1308 2571 ca
1327 2536 1395 2572 con-

220 2584 369 2637 auetndine
388 2599 443 2649 qua
460 2598 524 2633 euru
543 2582 650 2649 passim
671 2596 752 2631 nenne
771 2598 834 2662 esee
858 2582 1016 2663 aidpmuast‘
1039 2582 1124 2635 Zeua.
1140 2613 1184 2665 .—
1214 2604 1338 2639 meneura
1357 2586 1394 2649 (C

220 2649 541 2773 :ttsttt;.‘t.⁰-'·s
558 2646 1039 2785 essct·,st'tltttttlt
1056 2652 1393 2791 :ttt‘tt‘t'ttt't

218 2796 276 2842 tun
293 2795 362 2850 (om.
380 2790 443 2867 pue)
463 2783 535 2835 sm.
571 2792 827 2853 quantumcumque
844 2783 874 2835 G.
899 2810 931 2821 —
957 2786 1118 2866 triplamque
1136 2790 1172 2839 eit
1188 2806 1207 2840 u
1224 2799 1296 2843 terro
1312 2809 1395 2861 aspare

220 2859 259 2910 ad
276 2872 442 2909 mercurium
464 2859 531 2915 (cm.
551 2852 588 2902 ud
609 2852 734 2902 Venere·
812 2854 850 2904 ud
871 2853 994 2905 Mercurii
1011 2854 1130 2915 stellam)
1148 2854 1179 2906 F.
1202 2886 1237 2897 —
1263 2860 1300 2911 ud
1315 2878 1395 2911 uerae-

218 2941 283 2977 rem.
300 2932 427 2991 quantuor
445 2928 484 2973 eet
502 2925 570 2980 (orn.
589 2923 653 2986 que)
671 2917 700 2971 S.
737 2928 919 2988 quantumque
935 2924 1004 2981 (um.
1022 2927 1075 2983 eet)
1095 2923 1189 2975 111211.
1216 2954 1251 2963 --
1279 2928 1394 2981 atellam.

221 3000 349 3059 quomam
368 2997 407 3043 eat
426 2995 496 3051 (orn.
518 2990 580 3057 pue)
600 2986 673 3037 stu.
708 2997 887 3057 quantumque
909 2994 977 3049 (arm.
997 2995 1048 3050 cat)
1067 2989 1100 3041 Β.
1135 3002 1394 3063 quantumcumque

221 3067 260 3113 eet
276 3059 308 3110 0.
338 3086 367 3097 -
398 3074 416 3107 u
434 3065 508 3109 terro
525 3056 562 3107 ud
579 3054 737 3106 mercurium
757 3054 787 3105 F.
813 3083 847 3093 -
876 3058 913 3107 ud
932 3064 1041 3109 murtena
1059 3063 1128 3118 (orn.
1147 3066 1199 3120 eet)
1218 3063 1268 3113 111.
1298 3090 1325 3101 -
1355 3064 1394 3117 ud

220 3129 326 3179 iucem.
344 3133 473 3193 questore
490 3130 529 3174 eat
546 3128 615 3183 (our.
635 3128 698 3189 pace)
716 3121 748 3172 F.
772 3152 804 3160 -
831 3125 929 3193 vigies
946 3120 993 3175 BF
1011 3125 1063 3187 (111
1083 3142 1142 3195 sup.
1161 3132 1197 3190 c).
1219 3158 1252 3168 -
1281 3132 1316 3185 eit
1332 3140 1394 3183 tun·

220 3200 276 3247 turo
296 3210 358 3261 r-g.
512 3192 552 3240 15.
591 3189 765 3241 Platonicum
790 3192 876 3260 r-gG.
905 3220 935 3231 -·
967 3194 1041 3244 lilrie
1059 3196 1131 3247 auia
1158 3198 1216 3249 a-lr.
1268 3199 1301 3251 in
1319 3200 1394 3252 litrie

219 3262 289 3312 auie
307 3260 338 3311 F.
355 3287 387 3295 -
405 3258 438 3307 ie
456 3256 549 3323 quidue
565 3254 596 3307 F.
613 3284 649 3295 —
664 3259 787 3323 infulcit
803 3264 878 3325 (sup.
896 3260 1010 3325 infudit)
1029 3259 1058 3311 0.
1074 3290 1107 3300 -
1125 3266 1230 3331 Atque
1247 3282 1290 3319 eoa
1308 3268 1392 3321 dicit

220 3326 253 3378 F.
276 3324 314 3366 -“
341 3324 507 3379 intertioaie
523 3330 599 3390 (aup.
617 3328 679 3384 corr)
699 3326 751 3376 111.
777 3354 809 3365 -
838 3328 944 3379 animae
962 3345 1017 3380 eree
1035 3334 1104 3391 (om.
1123 3330 1203 3393 duee)
1220 3344 1279 3384 e-a:
1299 3362 1333 3373 -
1357 3344 1392 3389 et

118 3420 122 3427 ·
219 3413 290 3467 qaue
307 3412 333 3447 a.
356 3421 389 3431 -
407 3400 437 3444 ct
454 3392 584 3461 epogdois
601 3390 722 3443 Eddffl.
742 3420 776 3432 -
795 3392 994 3463 denaitoeiepue
1014 3397 1109 3465 richg·
1130 3427 1160 3437 -
1181 3410 1206 3453 et
1223 3402 1393 3459 liniaatac

220 3481 248 3515 v.
271 3491 306 3502 -
334 3468 484 3514 conmissa
501 3460 639 3525 prooeairc
657 3458 688 3510 G.
713 3487 740 3499 ·-
768 3464 935 3529 mundoque
952 3468 1028 3531 (cup.
1048 3468 1184 3521 muaduao
1202 3476 1318 3537 quoque)
1334 3488 1392 3523 cor-

218 3533 280 3602 pori
293 3531 344 3583 Bl.
366 3558 392 3567 -
421 3528 494 3597 quid
511 3532 587 3595 (anp.
604 3526 647 3578 cel
666 3529 750 3595 quod)
769 3528 871 3580 1η.-
893 3537 932 3584 cet
948 3532 1047 3585 ineerta
1067 3534 1117 3585 tta.
1271 3542 1309 3591 16.
1324 3542 1393 3595 ,ced

219 3607 343 3653 tontum
361 3598 418 3665 clrg
435 3603 470 3664 (g
488 3595 516 3647 ia
535 3612 592 3665 mg.
610 3601 722 3656 tumen).
742 3625 777 3636 —
796 3598 931 3663 puniuae
951 3598 994 3649 R2
1013 3615 1029 3652 a
1047 3618 1104 3653 sec.
1124 3618 1175 3667 ιιι,
1192 3602 1271 3657 nra.
1291 3634 1319 3644 -
1343 3622 1389 3659 ro-

219 3669 308 3722 tiocia
323 3665 344 3718 C
362 3680 380 3719 a
400 3680 457 3716 aec.
473 3680 520 3725 m.,
536 3662 569 3714 F.
588 3692 623 3703 -
643 3664 828 3725 coniunctum
846 3671 920 3733 (cup.
940 3667 982 3718 ccl
1000 3670 1138 3731 dictasset.)
1157 3670 1190 3722 F.

286 3730 331 3788 tv.
371 3736 458 3800 ceput
475 3732 525 3784 W.
563 3732 617 3797 Qui
626 3732 697 3797 fiat,
716 3742 746 3784 ut
764 3734 831 3785 inter
848 3751 925 3786 eones
942 3736 1061 3789 coelestia
1077 3738 1151 3789 illiue
1169 3750 1307 3794 caecentur
1321 3742 1391 3795 uliae

219 3804 323 3855 acutior
338 3803 383 3864 ait,
401 3802 473 3854 uliae
489 3800 614 3867 grauior:
632 3800 763 3866 paederota
781 3802 818 3853 idi
833 3804 964 3854 melodice
980 3804 1015 3855 eit
1055 3822 1133 3869 enam
1150 3815 1175 3860 et
1190 3826 1236 3861 car
1253 3827 1332 3863 aoaus
1345 3810 1391 3863 ille

217 3888 236 3925 a
257 3872 332 3926 actia
352 3888 405 3924 aon
423 3869 560 3920 audietur.
589 3867 670 3919 ch·b.
823 3872 848 3921 1.
883 3879 1015 3926 ummoaet
1062 3892 1107 3927 cue
1129 3876 1179 3927 111.
1207 3904 1242 3918 -
1270 3894 1390 3931 coaonae

250 4024 293 4073 11.
330 4022 366 4073 du
386 4021 414 4072 lo
430 4027 455 4074 et
470 4018 710 4089 tripluiateroollu
726 4038 780 4073 aaa
830 4037 969 4089 quamque
1016 4024 1130 4077 atellam
1180 4028 1389 4083 antecedentem

216 4090 335 4156 menae]
366 4039 445 4141 llaec
469 4088 499 4139 in
528 4088 710 4155 sequentibus
737 4088 778 4143 ita
829 4090 1102 4158 multiplicarentur,
1138 4100 1169 4146 ut
1186 4097 1274 4164 ratic,
1308 4113 1389 4165 quarn

215 4166 329 4209 cereata
350 4158 440 4209 voluit
462 4155 639 4220 Macrobius,
672 4162 704 4208 at
724 4173 777 4209 aa·
828 4155 967 4226 Fcrblger
981 4158 1105 4219 (Handlr.
1120 4161 1145 4212 d.
1158 4164 1209 4215 alt.
1220 4164 1323 4233 (leuge.
1335 4168 1389 4220 rol.

215 4224 302 4275 meria
322 4229 347 4284 1,
362 4228 390 4287 2,
412 4227 438 4286 a,
455 4226 481 4288 4,
499 4228 525 4289 9,
547 4228 574 4286 8,
590 4226 626 4274 27
643 4222 694 4285 (ale
712 4225 777 4293 qui·
826 4222 849 4289 l,
865 4242 891 4293 p.
908 4230 982 4287 ⁶22.)
1000 4228 1125 4281 instituit
1143 4230 1197 4283 lruc
1212 4232 1275 4285 loco
1290 4234 1389 4301 allato,

212 4290 267 4343 buc
283 4290 337 4341 ald.
361 4290 466 4343 comm.
484 4290 511 4355 l,
532 4295 563 4355 d,
581 4292 639 4351 41.)
655 4306 712 4342 noar
729 4291 775 4345 ia·¹
825 4309 889 4344 cunr
919 4293 974 4345 lac
1003 4296 1096 4350 minua
1128 4300 1277 4353 conveniet
1304 4300 1385 4369 qua'm

213 4357 364 4409 teraallarn
380 4359 453 4422 quod
477 4365 554 4410 meet
574 4358 649 4411 later
668 4366 774 4415 umas
824 4376 888 4413 cum
904 4368 1013 4415 retrone
1032 4364 1174 4432 Platonis,
1204 4368 1239 4421 de
1257 4384 1312 4436 qna
1330 4370 1386 4425 rid.

212 4432 242 4476 et
259 4425 369 4485 lunam,
399 4424 448 4474 aed
467 4423 620 4479 intervalla
636 4442 709 4493 qaae
726 4444 774 4481 ca·
823 4444 846 4479 c.
864 4432 891 4493 2,
911 4431 924 4495 ᾗ
946 4434 986 4481 re.

209 4500 274 4548 eent
309 4492 383 4544 inter
412 4494 518 4543 terram
553 4502 584 4547 et
613 4495 771 4562 proximam
857 4500 898 4551 lt.
934 4497 1050 4567 epitritis
1068 4501 1134 4569 etc-J
1158 4500 1201 4555 ct.
1220 4522 1244 4559 c.
1262 4506 1293 4572 1,
1310 4503 1324 4570 i
1342 4507 1384 4561 w.
